2978 4996
405 466 544 515 rnoass
568 468 836 517 rusrorunauu.
1052 459 1096 522 37

142 622 172 683 ri
189 620 366 704 conjuncti
389 622 499 687 dulcis
522 623 755 701 hauriebatur,
773 644 851 714 quae¹
874 628 1093 708 postmodum
1107 655 1161 695 no.
1174 656 1230 696 121⁸.

142 719 237 782 salsa
255 720 321 784 suit
334 740 444 803 usque
464 723 507 785 ad
530 722 667 799 Casale,
682 724 774 806 quod
794 744 930 788 sursum
951 746 1012 809 per
1031 730 1094 792 mi-

141 818 227 882 liare
250 839 272 882 a
295 820 459 884 Damieta
484 821 603 885 distat.
655 822 781 905 Itaque
804 832 883 905 post
904 825 1091 890 adveutum

142 916 419 982 Christianorum
441 920 534 1002 apud
557 921 754 984 Damietam
775 922 867 984 facta
884 931 938 986 cst
952 924 1090 1006 eclipsis

141 1016 233 1079 lunae
264 1016 336 1081 fere
372 1019 555 1098 generalis,
586 1038 689 1101 quam
721 1020 757 1082 in
787 1019 958 1084 defectum
987 1022 1091 1085 Sara·

141 1135 304 1179 cenorum
339 1117 556 1199 interpretati
589 1126 671 1181 sunt
701 1117 903 1195 Christiani,
934 1121 993 1201 qui
1024 1122 1089 1184 sibi

140 1213 352 1278 incremento
382 1226 417 1279 et
438 1215 657 1280 decremento
689 1216 765 1300 ejus
801 1236 961 1299 magnam
991 1220 1089 1283 attri-

141 1314 253 1376 buunt
273 1314 515 1397 conjecturam.

175 1482 224 1545 De
239 1480 391 1548 obsidione
405 1486 505 1551 turris
518 1484 670 1551 Domina
686 1489 721 1552 in
736 1490 816 1554 Nilo
822 1491 955 1573 flumine
968 1490 1042 1555 cita.

191 1601 277 1671 His¹
296 1609 347 1672 ita
363 1611 484 1690 gestis,
501 1611 660 1675 viderunt
678 1612 795 1677 fideles
815 1612 944 1677 Christi
967 1614 1088 1677 turrim
1102 1640 1238 1689 simonie

141 1706 311 1786 quandam
335 1709 454 1786 altam,
473 1717 508 1773 et
530 1730 574 1773 ex
594 1718 772 1776 structura
795 1713 947 1795 lapidum
964 1711 1089 1776 fortem
1101 1693 1224 1779 ’ὅῖὧέῗῖ

140 1804 244 1870 nimis
265 1814 300 1870 et
323 1807 599 1889 pulcherrimam,
623 1829 691 1873 non
713 1809 816 1892 longe
838 1813 882 1874 ab
905 1813 988 1874 urbe
1011 1812 1085 1874 Da-

140 1904 255 1968 mietae
280 1905 316 1967 in
338 1906 451 1971 medio
475 1907 548 1971 Nili
571 1907 723 1970 fluminis
745 1910 859 1986 sitam,
888 1929 910 1972 a
935 1928 1005 1991 qua
1029 1930 1088 1974 ca-

139 2009 221 2066 tena
251 2005 410 2086 quaedam
446 2005 558 2071 ferrea
595 2012 631 2070 et
668 2009 853 2071 enormiter
890 2027 1013 2089 grossa
1043 2029 1088 2073 ex

139 2108 338 2167 transverso
368 2104 508 2169 flumine
538 2105 807 2189 protendebatur
829 2125 937 2188 usque
963 2106 1007 2168 ad
1030 2126 1088 2169 ur-

140 2200 218 2264 bem
242 2221 347 2284 super
369 2204 472 2267 aliam
503 2206 614 2287 ripam
643 2204 717 2268 Nili
742 2204 892 2268 fluminis
918 2205 1089 2268 constitu·

139 2307 223 2365 tam.
276 2301 365 2366 Haec
395 2311 511 2367 autem
541 2305 647 2367 turris
670 2305 820 2367 omnium
848 2303 980 2387 judicio
1007 2311 1089 2368 ante

140 2400 352 2465 obsidionem
390 2403 561 2467 Damietae
597 2402 711 2466 fuerat
749 2403 981 2486 subjuganda,
1027 2403 1087 2467 sed

141 2498 304 2564 Frisones
324 2521 418 2566 more
441 2502 544 2566 solito
566 2502 797 2583 impatientes,
822 2502 904 2565 Nilo
928 2503 1087 2580 transito,

134 2597 295 2679 jumenta
325 2600 576 2664 Saracenorum
608 2601 774 2677 tulerunt,
807 2608 842 2664 et
870 2601 1025 2664 volentes
1051 2603 1087 2664 in

138 2697 294 2761 ulteriori
331 2700 408 2782 ripa
445 2701 684 2763 castrametari
717 2700 859 2762 stabant
890 2707 1087 2781 pugnantes

140 2803 262 2859 contra
283 2816 452 2879 paganos,
472 2799 531 2881 qui
556 2799 606 2862 eis
629 2797 672 2861 de
695 2798 836 2860 civitate
853 2796 991 2859 obviam
1010 2817 1088 2877 pro·

138 2903 339 2976 cesserunt;
369 2896 430 2961 sed
452 2916 473 2960 a
496 2895 694 2980 patriarcha
712 2915 773 2977 per
789 2894 1017 2958 obedientiam
1034 2915 1088 2958 re-

140 2993 257 3058 vocati
282 2995 433 3073 luerunt,
461 2997 542 3078 quia
571 2995 693 3059 inutile
715 2994 897 3058 videbatur
924 2993 1087 3076 principi-

139 3093 203 3154 bus
234 3092 453 3172 Christianis,
477 3095 568 3176 qnod
598 3095 703 3157 turris
731 3093 983 3174 relinqueretur
1009 3099 1089 3175 post

139 3197 274 3272 tergum
298 3212 416 3257 eorum
444 3195 591 3277 paganis
622 3193 766 3275 repleta.
826 3191 1007 3274 Principes
1037 3193 1090 3254 in-

139 3297 235 3354 terea
257 3292 390 3356 militiae
413 3292 580 3356 crucifixi
605 3292 648 3355 de
670 3292 830 3374 captione
856 3292 960 3353 turris
987 3291 1089 3353 nimis

138 3389 279 3454 solliciti
296 3391 457 3456 viderunt
473 3410 549 3455 eam
573 3392 651 3473 capi
667 3410 736 3454 non
752 3410 854 3473 posse
869 3390 971 3466 same,
986 3410 1090 3472 prop·

140 3495 193 3551 ter
202 3490 354 3554 civitatis
364 3491 575 3556 vicinitatem
589 3510 598 3568 3
625 3509 735 3571 neque
751 3489 967 3566 suffossione,
985 3509 1088 3571 prop-

141 3594 195 3649 ter
216 3606 318 3670 aquae
340 3589 607 3654 circumfluentis
629 3588 950 3671 importunitatem
979 3606 1089 3668 neque

139 3685 272 3750 insultu
308 3690 537 3771 petrariarum
574 3694 635 3751 aut
663 3686 920 3750 trebuculorum
949 3683 1088 3760 ictibus,

141 3786 236 3866 quia,
251 3805 327 3849 cum
346 3787 381 3850 id
402 3788 520 3851 multis
537 3794 629 3851 esset
646 3786 766 3849 diebus
789 3790 1010 3857 attentatum,
1028 3801 1089 3864 pa-

139 3902 216 3946 rum
231 3885 286 3949 vel
306 3885 389 3949 nihil
411 3886 641 3969 profecerunt.
693 3885 782 3947 Sane
804 3884 839 3945 in
862 3883 928 3944 hoc
950 3881 1088 3943 tandem

140 4001 259 4047 omnes
281 3985 412 4067 pariter
435 3990 684 4048 consenserunt
705 3981 836 4056 fideles,
869 3986 918 4057 ut,
945 3981 1090 4043 navibus

317 4188 324 4220 ¹
335 4189 387 4239 His
398 4190 434 4239 itu
444 4187 546 4257 gestia]
563 4191 622 4240 Jac.
631 4191 664 4239 dc
671 4190 792 4252 vitriaco,
803 4204 830 4251 p.
845 4192 917 4239 11³2.
