2978 4996
474 477 614 526 smnus
637 478 908 527 mercurinus.
1095 464 1164 530 329

211 644 248 701 ct
264 636 344 700 selle
361 642 514 718 potatus,
537 636 658 700 lancea
676 635 883 719 perforatae,
905 634 1067 699 omittens
1084 655 1162 699 cum
1176 654 1231 694 ao.
1242 655 1301 720 usp.

212 736 363 799 clamore
379 735 494 798 valido
508 736 680 818 spiritum,
698 755 761 818 pro
780 735 987 798 conditionis
1003 733 1162 799 buman'ae
1175 706 1322 794 ibifflb‘ti·

212 836 345 898 viribus
358 835 573 916 reparandis,
588 854 726 898 cursum
741 835 922 915 praesentis
934 835 1017 898 vitae
1031 843 1164 898 satura-
1176 805 1274 845 “um

213 941 272 998 tus
285 934 421 1017 injuriis
433 935 697 998 consummavit.
744 932 815 996 Hic
826 941 879 996 est
894 942 1022 1010 autern,
1034 942 1073 996 ut
1087 933 1165 996 alti-

214 1053 257 1096 ns
273 1042 482 1116 repetamus,
500 1033 618 1114 quide
637 1031 799 1096 Paternae
817 1032 905 1095 solio
922 1032 1054 1112 gloriae,
1070 1033 1164 1097 caelis

215 1131 418 1196 mirabiliter
437 1132 623 1207 inclinatio,
640 1132 684 1194 ad
706 1139 833 1194 nostrae
855 1131 1077 1194 mortalitatis
1095 1133 1166 1195 ima

215 1229 426 1295 descendens
442 1251 510 1293 non
525 1230 733 1311 dedignatus
747 1237 801 1294 est
817 1230 913 1293 Deus
931 1230 1045 1305 homo,
1060 1229 1165 1294 Crea-

218 1338 274 1394 tor
286 1339 445 1394 creatura
458 1330 544 1405 fiori,
558 1331 734 1411 suscipere
750 1330 921 1392 Dominus
936 1330 1079 1392 formam
1094 1350 1166 1393 ser-

218 1429 264 1505 vi,
290 1436 342 1505 ut,
359 1430 420 1511 qui
440 1448 508 1492 non
526 1437 725 1510 poteramus
746 1448 807 1510 per
823 1437 976 1491 nostram
991 1429 1165 1511 justitiam

216 1546 358 1610 sperare
379 1528 528 1604 veniam,
557 1528 733 1591 consecuti
757 1547 818 1610 per
842 1529 915 1591 baec
943 1529 1091 1608 gratiam
1114 1530 1167 1592 in-

218 1627 386 1703 auditam,
404 1626 559 1689 baeredes
578 1627 658 1704 Dei,
676 1626 872 1690 cobaeredos
893 1634 1008 1690 autem
1024 1626 1166 1706 Christi,

215 1725 411 1791 divinitatis
435 1727 656 1803 consortium,
682 1726 857 1789 felicitatis
885 1734 1024 1789 aeternae
1058 1729 1167 1808 parti·

219 1826 344 1907 cipinm
362 1825 573 1889 sortiremur.
610 1826 668 1900 Et,
683 1825 762 1887 licet
774 1844 834 1906 per
848 1825 995 1904 gratiam
1010 1823 1166 1907 adoptati

219 1924 373 2007 quotidie
400 1943 524 1987 causas
550 1923 809 2005 ingratitudinis
833 1924 1059 1998 cumulemus,
1086 1924 1167 2005 Ipse

222 2032 337 2088 tamen
362 2023 516 2087 abundat
532 2024 569 2086 in
590 2023 720 2086 divitiis
750 2022 929 2098 bonitatis,
956 2021 1037 2084 dnm
1063 2042 1166 2104 prop-

220 2130 275 2186 ter
298 2123 532 2186 diversitatem
558 2123 787 2199 voluntatum,
808 2122 932 2184 virium
955 2121 1165 2198 sacrdtatem,

219 2221 497 2304 delinquentibus
537 2221 675 2285 diversa
707 2241 770 2303 pro
804 2229 957 2303 tempore
995 2221 1167 2285 satisfaci-

219 2320 301 2385 endi
325 2340 452 2402 genera
472 2322 632 2397 contulit,
650 2321 747 2384 varia
766 2320 922 2383 medendi
942 2320 1167 2402 languoribus

220 2420 372 2485 remedia
395 2420 602 2495 suscitavit3
634 2419 716 2483 dnm
738 2428 877 2496 terram,
898 2420 934 2482 in
961 2439 1031 2503 qua
1059 2422 1167 2499 nasci,

221 2521 309 2584 mori
330 2527 365 2583 et
388 2539 566 2601 resurgere
582 2520 704 2596 voluit,
722 2520 853 2583 tamdiu
877 2519 921 2581 ad
947 2521 1167 2584 exercitatio·

221 2639 300 2683 nem
330 2619 480 2682 fidelium
510 2619 554 2681 ab
581 2618 776 2681 infidelibus
812 2619 956 2681 detineri
988 2620 1167 2699 permittit,

220 2739 298 2784 cum
312 2739 382 2782 non
400 2719 446 2782 sit
459 2719 661 2782 abbreviata
678 2737 799 2781 manus
815 2717 968 2793 Domini,
982 2737 1045 2781 nec
1057 2720 1167 2782 virtus

221 2819 297 2904 ejus
319 2819 354 2881 in
375 2818 492 2900 aliquo
520 2816 701 2893 diminuta,
730 2817 814 2898 quin
839 2817 955 2892 etiam,
975 2817 1065 2879 sicut
1086 2816 1168 2881 fecit

221 2925 347 2983 cuncta
358 2917 401 2982 de
419 2917 537 2994 nihilo,
549 2917 693 2980 liberare
709 2916 825 2980 valeat
840 2917 876 2979 in
889 2924 1071 2979 momento.
1099 2915 1167 2979 Sed

220 3018 299 3083 illas
321 3018 570 3099 compassionis
595 3025 630 3080 et
658 3011 866 3080 ¹dilectionis
888 3015 1020 3096 gratias
1044 3015 1167 3096 exqui-

220 3120 266 3182 rit
282 3118 327 3180 ab
345 3117 491 3192 bomine,
509 3115 647 3198 quibus,
667 3116 710 3179 ad
732 3116 842 3179 omnis
862 3114 1166 3178 consummationis

219 3217 321 3281 tinem
344 3216 500 3298 legisque
526 3215 773 3296 plenitudinem
799 3214 1058 3291 ostendendam,
1085 3213 1167 3298 Ipse

219 3317 314 3400 prior
330 3315 459 3379 bomini
475 3315 610 3397 perdito
628 3323 663 3379 et
678 3315 841 3379 damnato
859 3315 969 3378 voluit
984 3316 1166 3379 miseratus

220 3416 354 3492 adesse,
371 3416 431 3497 qni
452 3414 650 3478 nullatenus
670 3415 883 3496 permisisset
900 3434 1021 3478 manus
1042 3416 1166 3498 impias

218 3523 341 3581 contra
363 3507 375 3544 ²
383 3515 458 3596 pios
485 3532 594 3596 usque
620 3514 707 3578 adeo
732 3515 898 3588 roborari,
921 3514 987 3576 nisi
1014 3522 1048 3575 et
1067 3533 1165 3576 snam

218 3614 385 3680 vindicari
403 3613 446 3677 de
466 3622 586 3679 nostra
605 3612 805 3677 confusione
823 3611 1031 3694 providisset
1046 3611 1167 3692 injuri.

219 3735 275 3779 am
304 3722 338 3777 ot
359 3714 490 3776 servari
515 3721 668 3776 nostram
695 3712 737 3775 de
763 3730 827 3774 sua
844 3710 991 3772 victoria
1011 3709 1164 3790 discipli-

218 3834 311 3878 nam.
363 3812 434 3876 Sub
460 3812 526 3876 bac
548 3821 663 3876 autem
681 3811 863 3874 occasione
879 3808 996 3872 delicti
1017 3808 1165 3889 plurimi,

218 3915 420 3978 satisfacere
439 3932 501 3994 pro
518 3912 621 3975 modo
639 3911 818 3975 criminum
841 3908 942 3972 aliter
962 3927 1030 3970 non
1049 3908 1167 3970 valen-

220 4023 285 4090 tes,
302 4013 397 4077 volnt
413 4013 447 4075 in
464 4012 635 4093 profundo
650 4011 818 4075 malorum
834 4007 972 4090 ponitus
986 4007 1166 4088 desperas·

218 4215 266 4338 Μὲ
275 4209 445 4282 Dilectione]
463 4216 471 4242 ‘
486 4214 635 4264 Dilationis’
652 4215 677 4262 in
692 4207 696 4328 ι
739 4207 843 4280 Ῥῆσι]
861 4209 989 4272 ‘Impios'
1001 4210 1026 4258 in
1039 4209 1096 4260 MS.
