2978 4996
260 597 316 639 al).
327 597 384 635 lm.

418 411 482 476 100
673 427 806 476 aoeuru
832 426 877 473 nu
900 424 1108 474 wuunovaa

420 583 598 648 mobilium
624 585 732 648 totius
768 584 866 664 regui
893 582 1032 664 Angliae
1060 588 1132 645 tam
1165 598 1187 642 a
1215 579 1373 660 personis

423 682 664 746 ecclesiasticis
690 701 794 764 quam
820 700 842 745 a
868 681 966 745 laicis
991 681 1188 744 donaretur.
1243 676 1312 740 His
1336 677 1372 739 in

424 781 515 844 hunc
541 781 680 845 modum
702 780 905 862 prosecutis,
927 778 1205 860 archiepiscopus
1232 782 1268 839 et
1290 794 1373 838 cen-

424 881 477 943 cio
497 886 573 943 tota
595 880 845 961 episcoporum,
862 879 1038 953 comitum,
1061 878 1241 949 baronum,
1265 874 1372 936 abba·

426 987 498 1041 tum
516 985 551 1041 et
567 978 731 1060 priorum,
748 976 867 1040 habita
883 975 1141 1050 deliberatione,
1158 972 1232 1054 regi
1249 971 1373 1034 dedere

305 1068 307 1073 ’
424 1094 638 1157 responsum,
678 1075 768 1158 quod
800 1075 892 1155 regis
934 1074 1159 1156 petitionibus
1194 1077 1375 1151 gratanter

273 3733 402 3784 Expedltlon

270 3784 421 3923 traps

301 3895 312 3923 c
368 3910 373 3922 .

427 1167 717 1256 adquiescerent,l
735 1174 766 1236 si
785 1173 855 1236 illis
872 1172 931 1235 diu
951 1173 1079 1254 petitus
1096 1170 1274 1234 libertates
1294 1187 1376 1231 con-

427 1271 547 1335 cedere
569 1272 747 1336 uoluisset.
799 1268 934 1334 Annuit
952 1271 1071 1353 itaque
1096 1288 1160 1332 rex
1184 1266 1374 1350 cupiditate

428 1369 552 1432 ductus
569 1369 660 1453 qued
684 1369 848 1451 petebant
865 1374 1058 1449 magnates,
1081 1367 1276 1447 chartisque
1294 1383 1374 1446 pro·

427 1468 523 1531 tinus
540 1468 745 1550 conscriptis
765 1475 801 1531 et
815 1468 908 1546 regis
929 1466 1043 1548 sigillo
1067 1465 1220 1539 munitis,
1237 1463 1282 1526 ad
1305 1462 1375 1525 sin-

429 1564 530 1645 gulos
544 1565 683 1647 Angliae
698 1564 883 1629 comitatus
896 1558 1042 1629 'chartae
1059 1563 1206 1644 singulae
1224 1561 1375 1641 dirigun-

430 1671 498 1740 tur,
524 1673 559 1727 et
577 1663 621 1727 ad
646 1662 843 1745 provincias
865 1664 956 1738 illas,
974 1682 1052 1744 quse
1074 1662 1111 1725 in
1132 1660 1271 1724 forestis
1293 1665 1375 1722 sunt

429 1753 641 1839 constitutae,
670 1762 747 1825 duee
775 1760 905 1826 chartae
931 1768 1013 1824 sunt
1040 1759 1193 1836 directas,
1215 1776 1285 1821 uua
1308 1758 1377 1820 sci·

430 1859 511 1923 licet
538 1859 581 1923 de
616 1860 833 1924 libertatibus
863 1858 1100 1923 communibus
1129 1856 1304 1921 etaltera
1334 1854 1376 1917 de

430 1957 647 2022 libertatibus
668 1958 829 2036 forestae3
858 1959 1002 2021 istarum
1025 1964 1141 2020 autern
1160 1960 1260 2018 tenor
1281 1953 1377 2017 char·

430 2063 545 2119 tarum
575 2058 734 2138 superius
759 2056 905 2119 habetur
929 2055 1127 2137 expressius
1150 2052 1209 2117 nbi
1233 2051 1379 2116 historia

432 2156 549 2235 agitur
571 2154 614 2217 de
634 2173 715 2233 rege
739 2152 912 2230 Johanne,
937 2155 989 2217 ita
1013 2152 1105 2235 quod
1130 2151 1259 2214 chartae
1283 2156 1379 2213 utro-

432 2270 575 2333 rumque
601 2270 721 2331 regum
744 2251 780 2313 in
807 2251 902 2314 nullo
930 2251 1153 2315 inveniuntur
1182 2247 1378 2311 dissimiles.

432 2349 533 2412 Tunc
550 2350 759 2412 constitutus
779 2356 833 2412 est
848 2349 921 2412 dies
940 2356 1055 2412 certus
1071 2348 1115 2411 ud
1133 2366 1284 2411 mensem
1297 2353 1378 2428 post

434 2445 583 2522 Pascha,
602 2455 641 2509 ut
658 2446 700 2510 de
722 2446 867 2526 singulis
888 2448 1110 2512 comitatibus
1131 2445 1229 2526 regni
1250 2444 1378 2508 duode-

434 2545 501 2607 cim
531 2543 657 2608 milites
683 2552 718 2608 et
739 2544 870 2625 legales
900 2545 1054 2609 homines
1076 2543 1297 2625 eligerentur,
1320 2543 1378 2624 qui

433 2641 551 2706 addito
568 2642 766 2725 juramento
788 2662 897 2706 nevas
917 2663 939 2707 a
958 2642 1130 2706 veteribus
1148 2642 1381 2704 discernerent

434 2740 593 2817 forestas,
626 2748 665 2805 ut
691 2759 810 2804 omnes
846 2741 928 2817 illae',
958 2760 1037 2822 quae
1069 2741 1219 2804 inventae
1252 2739 1381 2802 trierim

435 2838 643 2903 afforestatee
671 2847 752 2921 post
774 2839 917 2921 primam
948 2838 1203 2902 coronationem
1234 2836 1379 2900 Henrici

435 2938 492 3000 avi
515 2938 615 3001 istius
643 2939 747 3018 regis,
770 2937 888 3000 statim
916 2936 1225 3013 deatlorestentur;
1258 2943 1294 2998 et
1318 2935 1381 3011 sic,

435 3035 550 3098 soluto
572 3035 728 3108 concilio,
755 3034 880 3099 delatae
901 3041 985 3098 sunt
1009 3033 1140 3098 chartae
1166 3033 1313 3113 singulae
1336 3032 1380 3096 ad

435 3131 590 3210 singulos
608 3132 804 3207 comitatus,
825 3134 884 3195 ubi
901 3152 946 3195 ex
964 3134 1054 3213 regis
1071 3131 1247 3207 mandato,
1267 3132 1380 3195 litera·

433 3228 524 3290 torio
549 3229 753 3310 interposito
776 3230 987 3314 juramento,
1012 3231 1056 3293 ab
1081 3229 1239 3295 omnihus
1265 3232 1381 3294 obser-

434 3326 509 3389 vari
518 3385 519 3389 ,
527 3327 705 3410 jubentur.

505 3497 547 3562 Ut
561 3519 615 3562 rec
630 3499 804 3584 Anplcrum
818 3501 1162 3585 Ricdcrdmnsrctrom
1177 3520 1266 3563 sumn
1279 3500 1316 3563 in

742 3599 937 3663 Wcscccicm
952 3599 1082 3663 miserit.

484 3722 614 3786 Eodem
642 3741 745 3797 auno,
761 3723 797 3784 in
816 3723 872 3786 die
895 3724 1144 3805 purificationis
1167 3723 1279 3785 beatae
1303 3720 1380 3785 Ma·

434 3821 507 3896 rice,
534 3820 741 3897 Richardus,
767 3820 874 3883 frater
905 3823 998 3902 regis
1022 3819 1173 3902 Angliee,
1196 3819 1381 3883 abeodem

468 3990 704 4062 ¹Adquimerent.]
728 3996 782 4044 The
800 3996 895 4047 Gister·
956 3995 1115 4060 'Cbcrtoe.]
1158 3997 1190 4046 In
1217 3997 1260 4047 the
1288 3997 1383 4047 Annal.

432 4067 504 4114 ciens
526 4079 589 4126 gave
612 4064 663 4113 him
685 4070 736 4112 two
759 4065 894 4129 thorrsand,
921 4067 1090 4116 Bnrtnnaud
1101 4067 1199 4115 Walter
1215 4065 1384 4127 Hemingsord

433 4134 475 4182 the
491 4133 563 4182 Jews
581 4133 628 4180 five
647 4133 773 4182 thousand
791 4136 893 4196 marhs;
920 4136 990 4185 these
999 4136 1246 4197 chartersaregiven
1253 4140 1281 4185 at
1288 4135 1383 4197 length,

432 4202 526 4250 Annal.
539 4201 648 4255 Wuverl.
661 4216 687 4262 p.
696 4205 753 4251 189.
