2978 4996
402 457 469 523 248
659 471 793 519 nocam
819 471 865 517 ns
890 469 1095 518 vvanuovsa

241 649 297 690 ab·
309 651 365 688 ¹2³2·
405 634 657 716 chicpiscopus,
672 631 932 693 instantissimis
949 630 1107 710 precibus
1122 637 1158 692 et
1172 629 1357 712 lachrymis

247 1256 339 1303 carmes

249 1306 332 1354 against

249 1406 329 1455 Burgh.

405 734 542 814 rogavit
566 751 680 813 regem
708 750 770 812 pro
798 750 851 806 eo,
874 730 933 792 sed
958 748 1025 791 non
1050 730 1166 811 potuit
1188 730 1224 792 in
1249 730 1357 793 tantis

406 833 606 896 excessibus
623 828 792 893 exaudiri.

506 1010 555 1072 De
577 1008 758 1094 quibasdam
783 1004 965 1082 enormibus,
991 1027 1057 1091 qaae
1074 1003 1257 1088 justiciore

761 1104 995 1189 objiciebantur.

461 1235 619 1316 Cumque
641 1231 808 1294 vidissent
831 1229 942 1305 multi,
958 1229 1050 1311 quod
1072 1229 1170 1292 l'avor
1191 1227 1358 1310 principis

248 1356 365 1394 nunna
410 1342 530 1397 contra
554 1333 763 1407 Hubertum,
781 1349 881 1412 quem
903 1329 997 1411 prius
1015 1328 1114 1410 quasi
1134 1326 1360 1408 singulariter

410 1433 591 1507 dilexerat,
610 1431 722 1492 fuerat
740 1435 956 1511 permutatus
975 1429 1009 1490 in
1030 1427 1158 1503 odium,
1181 1426 1358 1489 insurrex-

411 1538 511 1594 erunt
531 1531 562 1592 ei
585 1531 645 1611 qui
666 1528 812 1591 oderunt
828 1547 919 1604 eum,
940 1528 1048 1590 multa
1072 1526 1226 1589 enormia
1245 1527 1277 1589 ei
1295 1527 1359 1588 im·

411 1637 590 1712 ponentes.
643 1628 817 1690 Dixerunt
833 1629 923 1690 enirn
945 1626 1083 1709 quidam
1103 1627 1138 1688 in
1156 1644 1246 1701 eum,
1264 1625 1357 1707 quod

410 1730 497 1791 duos
524 1727 654 1790 nobiles
680 1729 784 1804 viros,
806 1726 1018 1790 Willelmum
1046 1725 1204 1788 comitem
1237 1723 1358 1788 Sares·

411 1828 605 1904 hiriensem,
628 1835 663 1890 ct
681 1826 891 1890 Willelmum
918 1825 1174 1900 Marescallum,
1196 1824 1357 1887 comitem

413 1928 582 2004 Penbroc,
599 1946 730 1990 veneno
753 1926 952 2008 procuravit
970 1925 1095 2000 necari,
1113 1930 1148 1987 et
1164 1923 1267 1986 simili
1284 1943 1359 1987 sce-

411 2028 480 2091 lere
513 2027 709 2090 Falcasium
740 2034 845 2107 atque
876 2024 1101 2100 Richardum,
1128 2021 1359 2086 cantuarien·

411 2148 481 2190 sem
501 2127 808 2207 archiepiscopum,
824 2124 1007 2187 interfecit.
1046 2123 1149 2186 Cives
1166 2141 1249 2185 vero
1268 2121 1358 2186 Lon·

411 2227 591 2289 donienses
605 2244 720 2287 coram
737 2243 818 2304 rege
831 2221 1078 2305 querimoniam
1093 2229 1361 2305 proposuerunt,

412 2324 502 2405 quod
526 2322 706 2385 llubcrtus
723 2342 815 2404 saepe
831 2324 946 2386 dictus
960 2322 1225 2385 Constantinum
1243 2321 1358 2385 conci·

412 2443 487 2486 vem
502 2441 599 2484 suum
616 2420 744 2484 fecerat
756 2422 829 2484 sine
841 2421 974 2505 judicio
988 2430 1023 2484 et
1037 2420 1165 2503 injuste
1182 2419 1358 2502 suspendi,

411 2524 537 2603 dequo
555 2540 698 2583 excessu
718 2522 897 2602 postulant
912 2522 977 2584 sibi
990 2521 1162 2604 justitiam
1181 2519 1356 2597 exhiberi;

411 2621 501 2684 unde
535 2621 662 2683 factum
692 2627 756 2697 est,
780 2620 871 2702 quod
899 2640 960 2683 rex
986 2621 1067 2683 fecit
1089 2639 1151 2701 per
1181 2619 1358 2684 civitatem

413 2720 664 2784 Londoniarum
701 2721 871 2783 communi
907 2721 1019 2783 edicto
1059 2719 1286 2800 proclamare,
1320 2725 1359 2782 ut

411 2841 541 2898 omnes,
560 2821 619 2902 qui
643 2819 814 2883 habebant
831 2818 1004 2900 querelam
1022 2827 1144 2881 contra
1160 2817 1358 2882 Hubertum

410 2923 452 2984 de
476 2939 693 3003 quacumque
718 2919 857 3001 injuria,
879 2919 1036 2983 venirent
1054 2918 1097 2980 ad
1121 2937 1235 3000 regem
1252 2918 1359 3002 justi-

411 3022 494 3083 tiam
523 3020 615 3083 illico
645 3020 826 3100 recepturi.
879 3017 929 3081 At
953 3017 1145 3093 HubertuS‚
1172 3037 1250 3081 cum
1273 3017 1359 3080 talia

410 3120 643 3199 cognovisset,
664 3119 707 3180 ad
732 3117 911 3181 ecclesiam
936 3116 1132 3181 Meritoniae
1156 3117 1246 3197 fugit
1268 3117 1359 3181 inter

411 3219 594 3280 canonicos
634 3217 779 3297 pavidus
812 3216 1024 3280 delitescens.
1089 3215 1219 3281 Eodem
1254 3234 1358 3294 anno,

412 3327 564 3398 tempore
587 3315 791 3392 autumnali,
808 3316 938 3379 electus
958 3323 1009 3378 est
1026 3317 1192 3396 magister
1207 3307 1358 3379 'sonan-

411 3435 483 3490 neS,
503 3423 733 3495 cognomento
753 3415 921 3492 Blandus,
944 3415 1100 3492 clericus,
1116 3414 1208 3496 apud
1226 3413 1358 3478 Oxoni·

410 3535 463 3577 am
482 3515 515 3577 in
537 3513 712 3595 theologia
734 3514 888 3591 studens,
904 3515 939 3577 in
957 3513 1252 3596 archiepiscopum
1269 3512 1360 3577 Can·

446 3688 599 3751 ¹Jotanaes,
615 3695 769 3752 cognomento
793 3691 871 3739 Blera·
897 3692 964 3751 quod
973 3692 1081 3741 maxime
1089 3690 1282 3751 fovebatpartes
1292 3692 1360 3754 regis

410 3756 477 3827 dua]
503 3761 544 3808 lle
557 3776 611 3809 was
622 3760 724 3809 refused
742 3774 870 3809 consecra·
897 3762 1030 3822 lobannis,
1046 3775 1104 3809 cum
1127 3761 1261 3820 utriusque
1280 3761 1359 3823 gladii

411 3832 462 3878 tion
475 3837 500 3878 to
512 3830 554 3878 the
571 3845 613 3879 see
624 3830 653 3878 ol
661 3830 828 3891 Cauterbury,
840 3845 872 3878 ou
897 3830 1034 3879 dominium
1043 3831 1091 3878 sibi
1100 3825 1259 3887 vindicaret?
1269 3830 1360 3892 Woed,

411 3901 453 3948 the
466 3901 524 3961 plea
535 3900 589 3949 that
600 3899 631 3947 he
644 3899 702 3947 held
720 3900 819 3960 against
830 3899 872 3948 the
898 3901 967 3950 Hist.
979 3901 1063 3949 Oxou.
1077 3903 1149 3959 1674,
1160 3900 1178 3948 i.
1189 3914 1217 3960 p.
1228 3903 1271 3949 87.
1306 3901 1358 3950 Ac-

411 3984 504 4018 canons
523 3975 574 4017 two
595 3970 727 4030 beneficas,
748 3969 797 4016 and
821 3968 871 4017 had
896 3970 1000 4030 cording
1008 3976 1034 4017 to
1046 3969 1166 4030 Godwia,
1176 3968 1218 4017 his
1228 3969 1358 4018 Christian

411 4040 525 4088 received
544 4054 632 4099 money
645 4037 707 4085 from
723 4038 764 4086 the
781 4038 871 4100 bishop
896 4055 969 4088 name
986 4054 1041 4087 was
1058 4039 1187 4098 Richard3
1203 4038 1263 4088 who
1280 4045 1358 4089 states

409 4109 437 4156 ol
456 4108 613 4156 ll'inchester
634 4108 693 4155 both
714 4108 798 4157 before
821 4109 870 4156 aad
896 4109 950 4157 that
962 4109 993 4156 he
1006 4124 1059 4157 was
1070 4108 1230 4167 afterwards,
1247 4109 1273 4157 in
1287 4113 1360 4173 124⁵,

408 4177 472 4225 alter
489 4178 528 4224 his
545 4178 666 4237 election;
685 4192 727 4225 see
743 4178 832 4237 below,
844 4193 870 4238 p.
896 4180 1024 4240 promoted
1039 4184 1064 4227 to
1076 4178 1117 4226 the
1129 4192 1171 4227 see
1182 4177 1212 4227 ol
1219 4179 1323 4230 asena

406 4250 464 4296 267.
501 4248 508 4273 ‘
524 4247 613 4294 Verior
624 4253 706 4295 tamen
723 4263 802 4297 eausa
814 4247 871 4307 tuit,
