2978 4996
465 417 604 466 rnonns
627 417 896 466 nrsronrxnnn.
1095 402 1158 468 111

300 643 444 717 Qualiter
451 643 562 728 puello
570 643 676 726 fuerit
693 641 825 706 liberata
833 665 895 728 per
910 645 1071 710 demonem

463 764 484 804 o
500 742 632 826 quodum
647 743 714 805 niro
730 742 902 806 libidinoso.

259 864 416 928 Tandem
432 871 513 946 post
530 864 603 927 dies
620 883 763 946 paucoS,
786 883 862 927 cum
881 866 996 945 puella
1014 868 1160 946 praefata
1172 889 1227 927 nn.
1238 889 1295 926 nn.

209 963 254 1026 ab
277 964 436 1026 omnibus
462 971 553 1026 esset
578 962 757 1026 diabolicis
779 963 1033 1027 incursionibus
1063 938 1263 1046 peni-”⁶⁸⁶¹'‘¹'

209 1070 266 1126 tus
293 1062 465 1136 absoluta,
490 1061 647 1123 diabolus
674 1060 717 1123 ad
742 1080 818 1123 eam
843 1080 1001 1124 reversus
1028 1063 1160 1125 saluta·

212 1161 263 1224 vit
280 1160 375 1222 illam
399 1167 433 1222 et
453 1159 555 1235 dixit,
578 1158 732 1234 ‘Salva'
751 1159 876 1241 inquit,
899 1159 1062 1223 ‘domina
1085 1180 1161 1224 men

212 1265 247 1321 et
270 1258 347 1321 Deo
380 1258 542 1321 caelorum
572 1257 671 1338 virgo
702 1258 951 1333 dilectissima;
985 1279 1051 1339 ego
1078 1278 1161 1323 vero

213 1375 290 1419 sum
310 1357 368 1418 ille
389 1355 574 1430 Sathenas,
598 1356 658 1436 qui
677 1363 712 1419 te
730 1356 804 1437 jam
829 1375 890 1436 per
910 1363 1043 1437 septem
1067 1376 1161 1419 men-

213 1473 269 1517 ses
284 1454 320 1516 in
339 1462 392 1517 tot
410 1454 673 1528 tentationibus,
695 1453 777 1517 licet
793 1455 953 1531 inaniter,
971 1455 1104 1530 induxi,
1123 1462 1162 1519 ut

214 1552 343 1615 abono
366 1558 400 1614 te
422 1551 602 1633 proposito
625 1571 821 1615 revocarem
847 1553 936 1615 etin
959 1554 1009 1615 eis
1029 1553 1162 1635 laqueis

211 1649 401 1727 irretirem3
430 1650 503 1725 sed,
527 1649 689 1731 quoniam
712 1651 747 1712 in
767 1651 898 1713 artibus
918 1651 1003 1714 meis
1021 1651 1163 1715 fraudu·

213 1748 316 1811 lentis
341 1767 362 1812 a
385 1755 418 1810 te
442 1750 556 1811 victus
580 1748 701 1823 defeci,
729 1747 795 1811 hoc
819 1747 901 1810 mihi
928 1769 990 1829 pro
1014 1768 1120 1830 poene
1142 1769 1163 1812 a

216 1846 366 1911 Domino
381 1847 456 1909 coeli
473 1845 641 1909 inflictum
656 1853 722 1921 est,
735 1853 774 1910 nt
791 1865 964 1927 nunquam
981 1847 1023 1909 de
1037 1856 1163 1911 caetero

214 1945 297 2007 mibi
322 1944 427 2008 licent
450 1944 589 2026 aliquod
616 1944 793 2008 bominum
819 1964 929 2024 genus
951 1951 1085 2007 tentare
1108 1947 1163 2008 vel

215 2044 410 2125 quempiam
441 2062 463 2105 n
492 2043 592 2106 bonis
626 2043 760 2105 actibus
793 2042 969 2124 impedire.
1038 2042 1164 2106 Habeo

217 2149 387 2223 praeterea
412 2141 611 2204 mandatum
632 2160 653 2203 a
670 2141 831 2215 Domino,
851 2141 906 2203 cui
928 2141 1165 2220 obtemperare

216 2258 355 2302 necesse
373 2246 438 2316 est,
456 2246 494 2303 nt
511 2238 751 2320 quodcumque
766 2238 849 2300 mihi
865 2240 1069 2319 praeceperis
1087 2258 1164 2302 cum

216 2337 436 2401 festinatione
453 2337 640 2419 perficiem,
658 2344 693 2400 et
709 2338 813 2400 etiam
829 2336 1068 2419 quodcumque
1082 2357 1164 2419 sup·

216 2436 356 2518 plicium
371 2421 588 2517 ¹praeceperis
614 2454 693 2497 cum
720 2435 941 2498 festinatione
968 2437 1042 2498 sine
1069 2456 1165 2499 more

217 2534 355 2597 subire.’
406 2533 496 2597 Haec
521 2532 665 2596 audiens
687 2534 802 2614 puella
824 2534 873 2595 ait
895 2533 938 2596 ad
962 2535 1164 2611 daemonem,

217 2638 227 2665 ‘
245 2630 435 2696 Conservet
452 2652 507 2694 me
526 2632 623 2695 Deus
642 2651 663 2693 a
679 2639 793 2694 vestro
811 2632 983 2695 consortio
1006 2640 1041 2694 et
1056 2632 1165 2695 famn-

216 2731 304 2806 latu,
322 2731 421 2793 novit
437 2731 527 2793 enim
547 2729 612 2792 Ille
629 2729 720 2812 quod
738 2728 842 2792 talem
864 2729 1056 2791 ministrnm
1074 2749 1161 2792 nun-

218 2848 322 2911 quam
338 2826 465 2890 dilexi?
511 2828 568 2904 Et,
583 2827 636 2890 bis
654 2829 705 2890 ita
721 2828 840 2908 gestis,
855 2826 1001 2907 contigit
1015 2828 1165 2907 puellam

218 2927 392 3009 quandam
416 2926 550 3007 ing-redi
570 2926 760 3001 civitatem,
781 2932 816 2987 et
833 2925 947 3005 gratia
968 2924 1165 3005 hospitandi

217 3025 357 3088 domum
386 3023 567 3106 cujusdam
595 3031 764 3087 matronae
793 3023 950 3104 ingresso
979 3023 1165 3104 hospitium

217 3122 400 3205 postulans
422 3122 632 3204 impetravit.
678 3121 833 3203 Vespere
854 3129 969 3184 autem
989 3121 1092 3195 sacto,
1105 3123 1164 3205 ju-

218 3222 318 3285 venis
332 3220 485 3302 quidam,
499 3219 675 3302 praedictae
694 3228 860 3283 matronae
877 3221 979 3296 filius,
997 3220 1039 3283 de
1061 3241 1166 3303 nego·

219 3319 276 3383 tiis
292 3319 466 3383 consuetis
484 3319 625 3382 domum
641 3318 787 3394 rediens,
804 3338 881 3382 cum
898 3318 1043 3382 vidisset
1060 3320 1166 3400 virgi-

218 3436 310 3493 nem,
337 3437 441 3499 quam
471 3425 583 3480 mater
608 3416 683 3498 ejus
712 3418 893 3480 caritative
919 3417 1167 3499 hospitaverat,

218 3516 326 3596 coepit
344 3515 506 3578 admirari
529 3515 565 3577 in
582 3515 707 3588 ‚babitu
730 3515 815 3578 adeo
835 3515 1046 3596 despicabili,
1063 3524 1098 3579 et
1117 3516 1168 3578 fa·

210 3614 284 3679 ,ciei
306 3613 438 3695 pallore
462 3613 565 3676 simul
582 3620 617 3677 et
634 3614 755 3690 macie,
772 3615 923 3677 omnium
939 3614 1167 3676 membrorum

218 3712 296 3794 ejus
318 3713 512 3775 naturalem
539 3712 820 3793 dispositionem3
848 3712 884 3774 in
907 3730 976 3793 qua
999 3729 1085 3791 opus
1107 3729 1167 3772 na·

219 3816 309 3873 turae
335 3810 370 3872 in
397 3818 533 3873 tantum
558 3810 728 3887 laudavit,
754 3809 846 3891 quod
875 3828 896 3871 a
923 3808 1045 3890 planta
1070 3807 1169 3890 pedis

218 3927 329 3990 usqne
347 3909 391 3972 ad
408 3910 570 3973 verticem
587 3910 623 3973 in
641 3909 735 3972 nullo
758 3907 915 3989 deliquit,
933 3906 993 3970 sed
1011 3914 1046 3970 et
1062 3908 1169 3970 totius

219 4008 374 4089 corporis
397 4007 451 4071 sni
475 4007 699 4090 dispositione
722 4007 824 4070 etiem
849 4005 986 4087 generis
1008 4005 1169 4070 nobilite-

219 4113 289 4169 tem
310 4106 487 4170 evidenter
506 4107 689 4189 expressit.
743 4104 836 4183 Quid
865 4107 975 4186 ergo?
1029 4105 1172 4169 Exarsit
