2978 4996
387 460 528 509 rnorns
552 461 822 510 ursrorrrauu.
1028 447 1072 512 89

119 637 212 701 papa
237 618 272 681 in
293 619 401 682 literis
424 620 647 701 supradictis,
670 627 842 701 quatenus
865 621 1071 683 auctoritato
1085 637 1140 677 ro.
1154 637 1209 675 an.

118 717 313 800 apostolica
329 718 571 782 denuntiarent
588 719 784 796 comitibus,
796 721 993 796 baronibus,
1010 720 1072 782 mi-

120 816 240 879 litibus
260 824 296 881 et
313 817 390 880 aliis
408 817 591 894 universis,
614 819 675 899 qui
698 819 873 881 custodias
898 819 1072 881 habebant

116 923 323 992 castrorum,
349 916 518 981 honorum
544 925 580 980 et
603 917 776 993 villarum,
805 936 883 998 quae
913 917 956 980 ad
982 918 1072 996 regis

120 1013 309 1078 dominium
340 1017 558 1097 spectabant,
586 1023 625 1079 ut
654 1017 819 1079 continuo
849 1017 933 1080 visis
963 1016 1072 1079 literis

122 1114 195 1194 regi
224 1113 303 1177 illas
342 1114 536 1191 redderent,
566 1113 839 1179 contradictores
864 1123 979 1180 autem
1013 1134 1073 1195 por

119 1231 300 1275 censuram
327 1214 594 1277 ecclesiasticam
618 1213 661 1276 ad
685 1214 955 1278 satisfactionem
979 1232 1073 1277 com-

122 1311 312 1392 pellerent3
335 1312 427 1375 unde
449 1332 530 1394 pars
553 1313 707 1375 maxima
734 1313 896 1376 comitum
921 1319 956 1375 et
971 1312 1072 1375 baro·

121 1429 216 1486 num,
249 1430 394 1492 quorum
423 1411 527 1475 corda
556 1412 837 1492 concupiscentia
864 1411 1075 1494 possidebat,

120 1508 319 1592 hujusmodi
352 1518 527 1592 praecepta
558 1510 700 1591 indigne
731 1510 844 1573 ferens
878 1510 1075 1592 bellumque

122 1609 291 1671 suscitare
319 1608 507 1690 disponens
535 1610 697 1672 convenit
723 1609 758 1671 in
784 1629 903 1687 unum,
926 1616 973 1684 ot,
996 1628 1075 1671 con-

123 1706 313 1788 spiratione
338 1707 468 1789 absque
496 1707 634 1770 follibus
669 1708 832 1784 conflata,
858 1708 1075 1791 supradictas

122 1806 323 1869 occasiones
346 1807 594 1888 praetendebat,
619 1812 658 1868 ut
678 1824 797 1887 pacem
822 1808 918 1887 regni
941 1816 1075 1889 pertur-

124 1905 246 1984 baret;
270 1905 446 1968 custodias
469 1914 584 1970 autem
606 1904 682 1986 jam
699 1904 822 1981 dictas,
843 1925 904 1985 per
922 1904 1077 1967 admoui·

120 2005 253 2066 tionem
284 2003 619 2087 archiepiscoporum
651 2010 687 2066 et
719 2004 971 2085 episcoporum,
1003 2004 1075 2084 regi

124 2102 266 2166 reddere
291 2104 497 2186 supersedit,
519 2103 641 2167 volens
674 2103 790 2183 potius
819 2121 916 2165 arma
938 2121 1077 2164 movero

125 2220 229 2282 quam
257 2203 331 2283 regi
357 2202 557 2266 satisfacere
587 2201 630 2265 do
656 2201 855 2283 praemissis.
908 2201 975 2264 Sed
1003 2200 1077 2263 baec

124 2300 225 2365 infra.

224 2475 274 2540 Do
290 2478 378 2540 cruca
393 2477 562 2541 Dominica
576 2478 666 2563 apud
679 2479 857 2543 Bromlolm
872 2481 988 2545 dolata.

164 2598 293 2662 Eodem
308 2619 400 2664 anno
410 2600 500 2682 apud
514 2594 730 2664 ¹Bromholm
742 2603 948 2667 crebuerunt
960 2604 1077 2667 divina
1089 2622 1187 2661 nome.
1197 2625 1221 2661 a

126 2699 304 2775 mlfflssllla,
322 2699 365 2761 ad
389 2699 536 2780 gloriam
556 2707 591 2763 et
606 2699 768 2764 bonorem
791 2701 979 2764 salutiferae
999 2722 1075 2764 cru·
1090 2672 1219 2712 ¹³¹⁰¹¹¹²²⁰¹⁰¹'

125 2798 187 2872 cis,
208 2799 244 2860 in
261 2818 331 2879 qua
352 2798 513 2862 Salvator
532 2797 650 2860 mundi
674 2800 746 2880 pati
764 2799 995 2878 dignatusest
1013 2820 1076 2880 pro

126 2896 360 2978 redemptione
374 2899 511 2978 generis
528 2896 691 2975 humani3
719 2905 765 2973 et,
789 2898 950 2978 quoniam
978 2906 1076 2961 tanto

127 2994 290 3058 thesauro
319 2995 501 3059 Britannia
529 2997 564 3058 in
591 3014 721 3059 oceano
743 2997 934 3059 constituta
958 2997 1076 3060 divina

126 3092 288 3175 largitate
306 3095 431 3158 meruit
449 3094 650 3171 beatificari,
666 3095 809 3176 dignum
826 3103 891 3169 est,
912 3097 981 3159 imo
1001 3095 1075 3178 dig-

128 3193 319 3269 nissimum,
342 3194 514 3256 memoriis
538 3202 754 3275 posterorum
780 3195 985 3275 imprimere,
1008 3215 1076 3277 quo

126 3293 246 3355 ordino
261 3311 284 3354 a
303 3299 374 3355 tam
394 3292 533 3354 remotis
552 3293 708 3374 partibus
732 3293 767 3354 in
793 3293 1007 3357 Britanniam
1032 3295 1077 3357 sit

124 3390 252 3454 delata.
306 3390 436 3453 Verum
460 3409 574 3454 comes
599 3391 822 3454 Flandrensis
843 3393 1077 3470 Baldewinus,

126 3508 170 3551 ex
193 3490 317 3552 comite
338 3488 744 3571 constantinopolitanus
769 3490 957 3571 imperator
977 3491 1076 3554 efl'ec·

128 3596 196 3664 tus,
225 3589 283 3651 ubi
312 3607 375 3669 per
396 3588 582 3650 multorum
606 3589 778 3651 curricula
800 3608 967 3652 annorum
991 3597 1078 3651 stre-

125 3706 193 3750 nue
212 3687 314 3763 vixit,
334 3687 480 3767 contigit
502 3687 599 3749 illum
623 3706 644 3749 a
666 3685 805 3768 perfidis
831 3687 970 3767 regibus
991 3705 1075 3767 quo·

125 3786 206 3848 dam
223 3793 377 3867 tempore
393 3786 546 3866 graviter
559 3785 727 3860 infestari,
745 3792 867 3849 contra
890 3803 977 3865 quos
999 3803 1076 3846 cum

122 3885 254 3966 impetu
283 3893 318 3947 et
344 3886 474 3967 absque
497 3883 742 3947 deliberatione
765 3882 988 3964 progrediens
1011 3882 1077 3963 lig-

125 4003 209 4046 num
235 3983 455 4046 DominIcum
484 4001 562 4044 cum
591 3982 668 4044 aliis
696 3981 860 4062 reliquiis,
886 4000 964 4062 quae
990 4000 1078 4043 sem-

129 4107 1069 4121 ...—-...--—-.——-—.-———-———--

163 4160 342 4233 ¹Bromlrolm.]
362 4164 456 4214 Chron.
465 4165 498 4212 de
505 4163 609 4227 Dunst.‚
620 4164 703 4213 where
717 4164 776 4227 they
788 4179 831 4214 are
843 4165 964 4216 recorded
975 4180 1004 4214 as
1015 4164 1079 4228 bap·

124 4239 219 4300 pening
230 4236 308 4286 inthe
320 4249 381 4296 year
392 4238 474 4294 12255
494 4248 520 4294 p.
530 4236 587 4283 158.
