2978 4996
424 438 446 500 2
676 454 809 501 aoosnr
835 455 881 500 os
905 453 1110 502 wssoovsa

264 622 389 662 stt-¹²¹⁶·
428 607 555 670 tionem
593 607 808 684 necessariis,
842 608 979 689 legatus
1013 606 1247 689 supradictus
1280 624 1377 669 asso·

428 705 528 768 oiatis
566 705 630 767 sibi
670 706 842 788 episcopis
881 714 915 771 et
944 707 1127 769 comitibus
1166 705 1378 780 memoratis,

429 804 604 868 duxerunt
627 803 670 866 ad
698 805 879 868 ecclesiam
901 805 1162 868 conventualem
1187 823 1264 866 cum
1298 822 1378 884 pro-

429 903 584 966 cessione
622 903 767 966 solemni
799 923 914 984 regem
947 902 1194 976 coronandum,
1218 902 1276 964 ubi
1296 908 1378 963 ante

430 1001 543 1083 majus
576 1001 687 1065 altare
724 1002 934 1065 constitutus
963 1002 1097 1084 juravit
1133 1019 1247 1062 coram
1284 998 1378 1061 clero

429 1107 465 1163 et
486 1100 628 1182 populo,
654 1101 822 1182 appositis
844 1101 908 1163 sibi
935 1100 1165 1163 sacrosanctis
1188 1097 1379 1177 evangeliis

429 1205 465 1260 et
495 1198 722 1279 plurimorum
759 1192 974 1261 ¹sanctorum
1003 1198 1168 1279 reliquiis,
1201 1196 1291 1277 quod
1318 1193 1380 1258 ho-

430 1315 561 1371 norem,
584 1314 703 1378 pacem
728 1311 769 1360 ac
800 1297 1028 1359 reverentiam
1060 1293 1214 1375 portabit
1240 1295 1316 1357 Deo
1344 1302 1380 1356 et

430 1402 562 1456 sanctae
591 1394 746 1456 ecclesiae
771 1401 807 1457 et
829 1393 905 1476 ejus
926 1393 1094 1456 ordinatis
1117 1392 1275 1455 omnibus
1307 1392 1380 1455 die-

430 1493 496 1554 bus
525 1491 608 1555 vitae
636 1511 731 1570 suae3
758 1491 894 1575 juravit
916 1493 1033 1566 etiam,
1064 1489 1156 1573 quod
1183 1491 1218 1553 in
1249 1491 1378 1572 populo

431 1591 496 1653 sibi
529 1590 712 1654 commisso
742 1597 871 1654 rectam
897 1589 1072 1673 justitiam
1098 1590 1241 1664 tenebit,
1270 1589 1379 1670 quod-

432 1708 499 1770 que
531 1688 626 1769 leges
659 1689 769 1752 malas
799 1696 834 1751 et
864 1689 1002 1769 iniquas
1035 1688 1312 1762 consuetudines
1347 1688 1377 1749 si

431 1806 510 1869 quae
537 1787 662 1850 sintin
686 1806 804 1866 regno,
828 1786 966 1863 delebit,
991 1795 1027 1851 et
1047 1789 1157 1851 bonas
1179 1786 1378 1850 observabit

430 1893 467 1947 et
494 1886 539 1948 ab
570 1886 728 1949 omnibus
756 1885 859 1950 faciet
888 1886 1076 1950 observari.
1134 1884 1269 1947 Deinde
1296 1884 1378 1947 fecit

431 1981 629 2065 homagium
657 1991 788 2047 sanctse
817 1984 985 2047 Romanae
1021 1983 1175 2046 ecclesiae
1209 1992 1243 2046 et
1270 1982 1376 2046 Inno-

430 2081 544 2145 centio
570 2100 672 2163 papae
702 2080 745 2144 de
774 2100 881 2161 regno
902 2081 1041 2162 Angliae
1067 2088 1102 2143 et
1126 2080 1318 2156 Hiberniae,
1342 2088 1377 2144 et

425 2179 560 2261 juravit
578 2178 670 2261 quod
690 2178 783 2243 mille
806 2197 952 2255 marcas,
974 2198 1061 2260 quas
1083 2186 1183 2261 pater
1205 2179 1281 2261 ejus
1302 2178 1376 2241 Ro·

430 2295 543 2339 manae
573 2278 769 2341 contulerat
796 2278 962 2355 ecolesise,
988 2278 1134 2341 fideliter
1163 2277 1377 2358 persolveret

429 2373 595 2456 quamdiu
611 2376 776 2457 praedicta
791 2394 898 2456 regna
915 2384 1047 2440 teneret
1061 2397 1069 2455 ;
1093 2384 1141 2452 et,
1159 2374 1212 2438 bis
1231 2375 1282 2439 ita
1298 2395 1376 2456 ges·

425 2473 489 2548 tis,
517 2465 675 2549 'Petrus
703 2473 954 2538 Wintoniensis
982 2477 1176 2558 episcopus,
1213 2491 1375 2537 coronam

431 2570 548 2651 posuit
568 2590 672 2653 super
692 2579 798 2654 caput
819 2580 855 2635 et
873 2575 974 2636 unxit
996 2594 1072 2636 eum
1096 2574 1132 2635 in
1158 2589 1274 2652 regem
1298 2592 1375 2634 cum

431 2670 645 2733 orationibus
668 2678 703 2733 et
724 2677 887 2734 cantuum
913 2671 1218 2746 modulationibus,
1241 2689 1319 2750 quae
1341 2670 1377 2732 in

430 2769 653 2832 coronatione
676 2789 797 2850 regum
824 2769 937 2833 solent
963 2769 1151 2832 decantari,
1208 2767 1377 2845 Tandem,

430 2866 580 2949 expletis
611 2866 793 2930 missarum
830 2866 1018 2941 solemniis,
1056 2865 1229 2928 duxerunt
1260 2885 1377 2945 regem

429 2984 508 3028 cum
545 2965 763 3046 processione
802 2962 947 3025 solemni
981 2964 1133 3045 episcopi
1172 2971 1207 3025 et
1235 2964 1378 3027 comites

429 3061 607 3142 saepedicti
643 3061 817 3141 regalibus
851 3060 1009 3122 indutum
1042 3061 1085 3123 ad
1116 3080 1283 3137 mensam,
1318 3063 1376 3125 ubi

429 3177 549 3222 omnes
581 3157 616 3219 in
647 3159 767 3222 ordine
797 3176 861 3222 suo
896 3158 1113 3223 considentes
1146 3159 1378 3242 epulabantur

428 3257 463 3319 in
481 3256 605 3320 laetitia
623 3264 658 3320 et
673 3257 899 3321 exultatione,
953 3257 995 3320 In
1013 3257 1163 3320 crastino
1181 3264 1296 3321 autem
1313 3278 1376 3320 rex

428 3355 521 3437 cepit
544 3354 706 3436 homagia
729 3362 764 3418 et
786 3355 970 3419 fidelitates
995 3357 1039 3419 ab
1061 3357 1220 3420 omnibus
1245 3357 1378 3437 episco-

427 3454 493 3534 pis,
524 3453 706 3516 comitibus
737 3462 773 3517 et
798 3455 998 3529 baronibus,
1032 3455 1178 3536 aliisque
1206 3455 1376 3530 omnibus,

464 3624 628 3676 'Sanctorum
644 3621 789 3693 reliquiis]
814 3627 890 3676 Paris
915 3626 1026 3687 Ireland,
1050 3627 1101 3674 still
1124 3626 1260 3687 preserved
1283 3628 1309 3675 in
1332 3629 1375 3677 the

428 3695 651 3756 adds,‘Dietante
661 3696 890 3757 juramentumJo·
915 3696 990 3744 Close
1016 3695 1096 3755 Rolls,
1122 3695 1196 3745 Foed.
1219 3696 1237 3744 i.
1265 3711 1292 3756 p.
1318 3701 1375 3747 14⁶.

428 3765 510 3812 celino
545 3760 746 3824 Badroniensi3'
785 3766 812 3813 in
846 3765 889 3812 the
915 3764 1034 3824 Stephen,
1056 3763 1207 3824 archbisbop
1227 3763 1256 3811 of
1271 3763 1377 3814 Canter-

427 3832 563 3894 sterley
590 3833 688 3881 Annms
718 3832 750 3880 he
778 3833 801 3882 is
835 3833 890 3881 also
915 3833 988 3892 bury,
999 3845 1053 3880 was
1065 3831 1124 3880 then
1140 3837 1168 3880 at
1184 3832 1272 3892 Rome,
1288 3848 1320 3881 on
1332 3835 1374 3882 the

428 3902 526 3964 spoken
537 3902 567 3950 os
573 3917 603 3951 as
612 3904 688 3964 being
699 3907 809 3964 present.
915 3901 1060 3962 subjectos
1078 3901 1118 3950 his
1141 3903 1299 3963 suspensior.
1343 3903 1373 3951 In

914 3970 956 4018 the
968 3971 1054 4020 letters
1060 3972 1117 4032 just
1126 3972 1278 4027 mentioned,
1286 3971 1375 4033 Henry

461 4037 605 4100 wasme]
636 4034 746 4100 Henry’s
765 4054 822 4087 own
845 4054 888 4087 ac·
914 4054 983 4102 says,
1000 4041 1055 4090 that
1076 4041 1108 4090 he
1125 4055 1180 4089 was
1201 4040 1318 4089 crowned
1341 4042 1374 4102 by

425 4113 503 4156 count
514 4107 544 4155 ol
551 4107 593 4154 the
610 4109 755 4156 coronation
772 4110 796 4157 is
813 4109 887 4170 given
914 4108 956 4158 tbe
979 4111 1093 4160 cardinal
1115 4110 1166 4159 aud
1188 4108 1292 4170 bisbops
1314 4110 1374 4159 then

424 4176 450 4225 ln
465 4176 505 4225 bis
522 4177 608 4225 letters
623 4180 649 4224 to
661 4175 702 4224 dre
714 4177 850 4238 justiciary
862 4177 891 4225 oi
914 4186 1023 4240 present.
