<?xml version="1.0" encoding="UTF-8"?>
<!DOCTYPE html PUBLIC "-//W3C//DTD XHTML 1.0 Transitional//EN"
    "http://www.w3.org/TR/xhtml1/DTD/xhtml1-transitional.dtd">
<html xmlns="http://www.w3.org/1999/xhtml" xml:lang="en" lang="en">
 <head>
  <title>
</title>
<meta http-equiv="Content-Type" content="text/html;charset=utf-8" />
  <meta name='ocr-system' content='tesseract 3.04.00' />
  <meta name='ocr-capabilities' content='ocr_page ocr_carea ocr_par ocr_line ocrx_word'/>
</head>
<body>
  <div class='ocr_page' id='page_1' title='image "./rogeridewendove02rogegoog_0188.png"; bbox 0 0 2978 4996; ppageno 0'>
   <div class='ocr_carea' id='block_1_1' title="bbox 415 437 1110 503">
    <p class='ocr_par' dir='ltr' id='par_1_1' title="bbox 415 437 1110 503">
     <span class='ocr_line' id='line_1_1' title="bbox 415 437 1110 503; baseline 0.01 -7"><span class='ocrx_word' id='word_1_1' title='bbox 415 448 555 498; x_wconf 72' lang='lat' dir='ltr'><strong>neonus</strong></span> <span class='ocrx_word' id='word_1_2' title='bbox 582 449 852 500; x_wconf 76' lang='lat' dir='ltr'><strong>nrsnonmnuu.</strong></span> <span class='ocrx_word' id='word_1_3' title='bbox 1044 437 1110 503; x_wconf 73' lang='lat'><strong>177</strong></span> 
     </span>
    </p>
   </div>
   <div class='ocr_carea' id='block_1_2' title="bbox 151 605 1271 3855">
    <p class='ocr_par' dir='ltr' id='par_1_2' title="bbox 151 605 1271 3855">
     <span class='ocr_line' id='line_1_2' title="bbox 155 605 1250 693; baseline -0.001 -25"><span class='ocrx_word' id='word_1_4' title='bbox 155 612 190 670; x_wconf 93' lang='lat' dir='ltr'><strong>et</strong></span> <span class='ocrx_word' id='word_1_5' title='bbox 212 605 303 670; x_wconf 83' lang='lat' dir='ltr'><strong>dixit</strong></span> <span class='ocrx_word' id='word_1_6' title='bbox 327 606 449 688; x_wconf 80' lang='lat' dir='ltr'><strong>lingua</strong></span> <span class='ocrx_word' id='word_1_7' title='bbox 477 606 674 684; x_wconf 89' lang='lat' dir='ltr'><strong>Gallicana,</strong></span> <span class='ocrx_word' id='word_1_8' title='bbox 698 613 708 642; x_wconf 93' lang='lat'>‘</span> <span class='ocrx_word' id='word_1_9' title='bbox 728 609 848 686; x_wconf 85' lang='lat' dir='ltr'><strong>Bene,&#39;</strong></span> <span class='ocrx_word' id='word_1_10' title='bbox 871 611 996 693; x_wconf 91' lang='lat' dir='ltr'><strong>inquit,</strong></span> <span class='ocrx_word' id='word_1_11' title='bbox 1024 611 1106 675; x_wconf 89' lang='lat' dir='ltr'><strong>‘do-</strong></span> <span class='ocrx_word' id='word_1_12' title='bbox 1120 624 1250 669; x_wconf 65' lang='lat' dir='ltr'><strong>noma</strong></span> 
     </span>
     <span class='ocr_line' id='line_1_3' title="bbox 155 679 1271 793; baseline 0 -26"><span class='ocrx_word' id='word_1_13' title='bbox 155 705 269 768; x_wconf 89' lang='lat' dir='ltr'><strong>minus</strong></span> <span class='ocrx_word' id='word_1_14' title='bbox 302 725 400 769; x_wconf 92' lang='lat' dir='ltr'><strong>meus</strong></span> <span class='ocrx_word' id='word_1_15' title='bbox 440 708 537 771; x_wconf 90' lang='lat' dir='ltr'><strong>novit</strong></span> <span class='ocrx_word' id='word_1_16' title='bbox 576 707 746 771; x_wconf 90' lang='lat' dir='ltr'><strong>hominem</strong></span> <span class='ocrx_word' id='word_1_17' title='bbox 782 708 892 786; x_wconf 93' lang='lat' dir='ltr'><strong>illum,</strong></span> <span class='ocrx_word' id='word_1_18' title='bbox 930 717 965 774; x_wconf 88' lang='lat' dir='ltr'><strong>et</strong></span> <span class='ocrx_word' id='word_1_19' title='bbox 1002 679 1271 793; x_wconf 71' lang='lat' dir='ltr'><strong>pauloll⁸sl:¹.’‘¹&#39;‘&#39;</strong></span> 
     </span>
     <span class='ocr_line' id='line_1_4' title="bbox 156 806 1107 889; baseline 0.008 -23"><span class='ocrx_word' id='word_1_20' title='bbox 156 812 343 886; x_wconf 87' lang='lat' dir='ltr'><strong>autequam</strong></span> <span class='ocrx_word' id='word_1_21' title='bbox 383 806 449 869; x_wconf 87' lang='lat' dir='ltr'><strong>iter</strong></span> <span class='ocrx_word' id='word_1_22' title='bbox 488 806 655 887; x_wconf 79' lang='lat' dir='ltr'><strong>arriperet</strong></span> <span class='ocrx_word' id='word_1_23' title='bbox 692 806 736 870; x_wconf 91' lang='lat' dir='ltr'><strong>ad</strong></span> <span class='ocrx_word' id='word_1_24' title='bbox 771 816 887 889; x_wconf 88' lang='lat' dir='ltr'><strong>partes</strong></span> <span class='ocrx_word' id='word_1_25' title='bbox 918 810 1107 874; x_wconf 90' lang='lat' dir='ltr'><strong>occidentis</strong></span> 
     </span>
     <span class='ocr_line' id='line_1_5' title="bbox 156 901 1107 987; baseline 0.008 -23"><span class='ocrx_word' id='word_1_26' title='bbox 156 901 247 966; x_wconf 86' lang='lat' dir='ltr'><strong>idem</strong></span> <span class='ocrx_word' id='word_1_27' title='bbox 274 903 407 987; x_wconf 88' lang='lat' dir='ltr'><strong>Joscph</strong></span> <span class='ocrx_word' id='word_1_28' title='bbox 434 905 470 967; x_wconf 93' lang='lat' dir='ltr'><strong>in</strong></span> <span class='ocrx_word' id='word_1_29' title='bbox 497 903 664 968; x_wconf 82' lang='lat' dir='ltr'><strong>Armenia</strong></span> <span class='ocrx_word' id='word_1_30' title='bbox 695 907 844 970; x_wconf 88' lang='lat' dir='ltr'><strong>comedit</strong></span> <span class='ocrx_word' id='word_1_31' title='bbox 874 908 918 971; x_wconf 89' lang='lat' dir='ltr'><strong>ad</strong></span> <span class='ocrx_word' id='word_1_32' title='bbox 954 927 1107 972; x_wconf 90' lang='lat' dir='ltr'><strong>mensam</strong></span> 
     </span>
     <span class='ocr_line' id='line_1_6' title="bbox 156 1001 1106 1087; baseline 0.008 -24"><span class='ocrx_word' id='word_1_33' title='bbox 156 1001 287 1065; x_wconf 91' lang='lat' dir='ltr'><strong>domini</strong></span> <span class='ocrx_word' id='word_1_34' title='bbox 312 1004 379 1066; x_wconf 88' lang='lat' dir='ltr'><strong>mei</strong></span> <span class='ocrx_word' id='word_1_35' title='bbox 406 1003 666 1085; x_wconf 89' lang='lat' dir='ltr'><strong>archiepiscopi,</strong></span> <span class='ocrx_word' id='word_1_36' title='bbox 690 1025 791 1087; x_wconf 93' lang='lat' dir='ltr'><strong>quem</strong></span> <span class='ocrx_word' id='word_1_37' title='bbox 814 1006 989 1070; x_wconf 80' lang='lat' dir='ltr'><strong>multoties</strong></span> <span class='ocrx_word' id='word_1_38' title='bbox 1012 1008 1106 1071; x_wconf 87' lang='lat' dir='ltr'><strong>vide-</strong></span> 
     </span>
     <span class='ocr_line' id='line_1_7' title="bbox 156 1101 1106 1186; baseline 0.005 -22"><span class='ocrx_word' id='word_1_39' title='bbox 156 1108 212 1164; x_wconf 86' lang='lat' dir='ltr'><strong>rat</strong></span> <span class='ocrx_word' id='word_1_40' title='bbox 236 1108 270 1164; x_wconf 94' lang='lat' dir='ltr'><strong>et</strong></span> <span class='ocrx_word' id='word_1_41' title='bbox 294 1101 452 1166; x_wconf 88' lang='lat' dir='ltr'><strong>audierat</strong></span> <span class='ocrx_word' id='word_1_42' title='bbox 473 1103 695 1185; x_wconf 66' lang='lat' dir='ltr'><strong>loquentem!</strong></span> <span class='ocrx_word' id='word_1_43' title='bbox 740 1104 787 1168; x_wconf 90' lang='lat' dir='ltr'><strong>Et</strong></span> <span class='ocrx_word' id='word_1_44' title='bbox 809 1106 1029 1186; x_wconf 91' lang='lat' dir='ltr'><strong>postmodum</strong></span> <span class='ocrx_word' id='word_1_45' title='bbox 1053 1108 1106 1170; x_wconf 91' lang='lat' dir='ltr'><strong>in-</strong></span> 
     </span>
     <span class='ocr_line' id='line_1_8' title="bbox 158 1200 1106 1283; baseline 0.006 -22"><span class='ocrx_word' id='word_1_46' title='bbox 158 1205 355 1281; x_wconf 86' lang='lat' dir='ltr'><strong>terrogatus</strong></span> <span class='ocrx_word' id='word_1_47' title='bbox 372 1200 414 1265; x_wconf 88' lang='lat' dir='ltr'><strong>de</strong></span> <span class='ocrx_word' id='word_1_48' title='bbox 431 1203 534 1265; x_wconf 90' lang='lat' dir='ltr'><strong>rebus</strong></span> <span class='ocrx_word' id='word_1_49' title='bbox 550 1203 657 1283; x_wconf 82' lang='lat' dir='ltr'><strong>gestis</strong></span> <span class='ocrx_word' id='word_1_50' title='bbox 672 1202 763 1266; x_wconf 86' lang='lat' dir='ltr'><strong>inter</strong></span> <span class='ocrx_word' id='word_1_51' title='bbox 780 1205 968 1267; x_wconf 92' lang='lat' dir='ltr'><strong>Dominum</strong></span> <span class='ocrx_word' id='word_1_52' title='bbox 983 1204 1007 1269; x_wconf 86' lang='lat' dir='ltr'>J</span> <span class='ocrx_word' id='word_1_53' title='bbox 1010 1224 1106 1269; x_wconf 89' lang='lat' dir='ltr'><strong>esum</strong></span> 
     </span>
     <span class='ocr_line' id='line_1_9' title="bbox 157 1295 1106 1385; baseline 0.008 -25"><span class='ocrx_word' id='word_1_54' title='bbox 157 1295 335 1363; x_wconf 84' lang='lat' dir='ltr'><strong>Christum</strong></span> <span class='ocrx_word' id='word_1_55' title='bbox 350 1308 385 1364; x_wconf 87' lang='lat' dir='ltr'><strong>et</strong></span> <span class='ocrx_word' id='word_1_56' title='bbox 396 1301 541 1364; x_wconf 88' lang='lat' dir='ltr'><strong>cundem</strong></span> <span class='ocrx_word' id='word_1_57' title='bbox 558 1301 581 1363; x_wconf 86' lang='lat' dir='ltr'>J</span> <span class='ocrx_word' id='word_1_58' title='bbox 585 1301 691 1383; x_wconf 93' lang='lat' dir='ltr'><strong>oseph</strong></span> <span class='ocrx_word' id='word_1_59' title='bbox 706 1302 894 1384; x_wconf 87' lang='lat' dir='ltr'><strong>respondit,</strong></span> <span class='ocrx_word' id='word_1_60' title='bbox 912 1303 1106 1385; x_wconf 84' lang='lat' dir='ltr'><strong>‘Tempore</strong></span> 
     </span>
     <span class='ocr_line' id='line_1_10' title="bbox 156 1398 1105 1482; baseline 0.006 -22"><span class='ocrx_word' id='word_1_61' title='bbox 156 1398 329 1479; x_wconf 86' lang='lat' dir='ltr'><strong>passionis</strong></span> <span class='ocrx_word' id='word_1_62' title='bbox 354 1398 440 1463; x_wconf 88' lang='lat' dir='ltr'><strong>Jesu</strong></span> <span class='ocrx_word' id='word_1_63' title='bbox 460 1398 601 1476; x_wconf 87' lang='lat' dir='ltr'><strong>Christi,</strong></span> <span class='ocrx_word' id='word_1_64' title='bbox 624 1420 702 1464; x_wconf 91' lang='lat' dir='ltr'><strong>cum</strong></span> <span class='ocrx_word' id='word_1_65' title='bbox 724 1411 848 1482; x_wconf 88' lang='lat' dir='ltr'><strong>captus</strong></span> <span class='ocrx_word' id='word_1_66' title='bbox 871 1420 893 1464; x_wconf 89' lang='lat' dir='ltr'><strong>a</strong></span> <span class='ocrx_word' id='word_1_67' title='bbox 912 1400 935 1465; x_wconf 88' lang='lat' dir='ltr'>J</span> <span class='ocrx_word' id='word_1_68' title='bbox 939 1403 1046 1466; x_wconf 83' lang='lat' dir='ltr'><strong>udaeis</strong></span> <span class='ocrx_word' id='word_1_69' title='bbox 1069 1404 1105 1466; x_wconf 91' lang='lat' dir='ltr'><strong>in</strong></span> 
     </span>
     <span class='ocr_line' id='line_1_11' title="bbox 156 1497 1106 1583; baseline 0.007 -25"><span class='ocrx_word' id='word_1_70' title='bbox 156 1497 357 1576; x_wconf 69' lang='lat' dir='ltr'><strong>praetorium</strong></span> <span class='ocrx_word' id='word_1_71' title='bbox 372 1498 542 1563; x_wconf 88' lang='lat' dir='ltr'><strong>adductus</strong></span> <span class='ocrx_word' id='word_1_72' title='bbox 562 1500 685 1564; x_wconf 83' lang='lat' dir='ltr'><strong>suisset</strong></span> <span class='ocrx_word' id='word_1_73' title='bbox 706 1508 787 1564; x_wconf 91' lang='lat' dir='ltr'><strong>ante</strong></span> <span class='ocrx_word' id='word_1_74' title='bbox 810 1501 990 1583; x_wconf 72' lang='lat' dir='ltr'><strong>praesidem</strong></span> <span class='ocrx_word' id='word_1_75' title='bbox 1010 1500 1106 1565; x_wconf 89' lang='lat' dir='ltr'><strong>Pila·</strong></span> 
     </span>
     <span class='ocr_line' id='line_1_12' title="bbox 157 1597 1105 1681; baseline 0.009 -25"><span class='ocrx_word' id='word_1_76' title='bbox 157 1601 243 1671; x_wconf 88' lang='lat' dir='ltr'><strong>tum,</strong></span> <span class='ocrx_word' id='word_1_77' title='bbox 265 1604 303 1660; x_wconf 92' lang='lat' dir='ltr'><strong>ut</strong></span> <span class='ocrx_word' id='word_1_78' title='bbox 319 1597 537 1680; x_wconf 88' lang='lat' dir='ltr'><strong>judicaretur</strong></span> <span class='ocrx_word' id='word_1_79' title='bbox 560 1599 604 1661; x_wconf 87' lang='lat' dir='ltr'><strong>ab</strong></span> <span class='ocrx_word' id='word_1_80' title='bbox 629 1599 716 1681; x_wconf 91' lang='lat' dir='ltr'><strong>ipso,</strong></span> <span class='ocrx_word' id='word_1_81' title='bbox 739 1601 984 1664; x_wconf 85' lang='lat' dir='ltr'><strong>accusantibus</strong></span> <span class='ocrx_word' id='word_1_82' title='bbox 1008 1601 1105 1664; x_wconf 90' lang='lat' dir='ltr'><strong>illum</strong></span> 
     </span>
     <span class='ocr_line' id='line_1_13' title="bbox 157 1694 1103 1773; baseline 0.005 -16"><span class='ocrx_word' id='word_1_83' title='bbox 157 1701 357 1759; x_wconf 84' lang='lat' dir='ltr'><strong>constanter</strong></span> <span class='ocrx_word' id='word_1_84' title='bbox 386 1695 409 1760; x_wconf 89' lang='lat' dir='ltr'>J</span> <span class='ocrx_word' id='word_1_85' title='bbox 414 1697 533 1773; x_wconf 87' lang='lat' dir='ltr'><strong>udaeis,</strong></span> <span class='ocrx_word' id='word_1_86' title='bbox 566 1716 643 1760; x_wconf 91' lang='lat' dir='ltr'><strong>cum</strong></span> <span class='ocrx_word' id='word_1_87' title='bbox 673 1696 809 1761; x_wconf 88' lang='lat' dir='ltr'><strong>Pilatus</strong></span> <span class='ocrx_word' id='word_1_88' title='bbox 837 1694 967 1762; x_wconf 87' lang='lat' dir='ltr'><strong>nullam</strong></span> <span class='ocrx_word' id='word_1_89' title='bbox 999 1699 1035 1762; x_wconf 89' lang='lat' dir='ltr'><strong>iu</strong></span> <span class='ocrx_word' id='word_1_90' title='bbox 1061 1719 1103 1763; x_wconf 91' lang='lat' dir='ltr'><strong>eo</strong></span> 
     </span>
     <span class='ocr_line' id='line_1_14' title="bbox 156 1795 1106 1879; baseline 0.007 -25"><span class='ocrx_word' id='word_1_91' title='bbox 156 1811 297 1857; x_wconf 90' lang='lat' dir='ltr'><strong>causam</strong></span> <span class='ocrx_word' id='word_1_92' title='bbox 316 1796 437 1859; x_wconf 90' lang='lat' dir='ltr'><strong>mortis</strong></span> <span class='ocrx_word' id='word_1_93' title='bbox 453 1795 653 1872; x_wconf 87' lang='lat' dir='ltr'><strong>invenisset,</strong></span> <span class='ocrx_word' id='word_1_94' title='bbox 670 1795 761 1860; x_wconf 86' lang='lat' dir='ltr'><strong>dixit</strong></span> <span class='ocrx_word' id='word_1_95' title='bbox 776 1796 820 1859; x_wconf 90' lang='lat' dir='ltr'><strong>ad</strong></span> <span class='ocrx_word' id='word_1_96' title='bbox 835 1816 907 1872; x_wconf 86' lang='lat' dir='ltr'><strong>eos,</strong></span> <span class='ocrx_word' id='word_1_97' title='bbox 924 1795 1106 1879; x_wconf 83' lang='lat' dir='ltr'><strong>‘Accipite</strong></span> 
     </span>
     <span class='ocr_line' id='line_1_15' title="bbox 156 1894 1106 1977; baseline 0.004 -22"><span class='ocrx_word' id='word_1_98' title='bbox 156 1911 235 1955; x_wconf 89' lang='lat' dir='ltr'><strong>eum</strong></span> <span class='ocrx_word' id='word_1_99' title='bbox 257 1912 321 1957; x_wconf 87' lang='lat' dir='ltr'><strong>vos</strong></span> <span class='ocrx_word' id='word_1_100' title='bbox 349 1902 384 1958; x_wconf 91' lang='lat' dir='ltr'><strong>et</strong></span> <span class='ocrx_word' id='word_1_101' title='bbox 410 1894 599 1958; x_wconf 88' lang='lat' dir='ltr'><strong>secundum</strong></span> <span class='ocrx_word' id='word_1_102' title='bbox 630 1895 742 1976; x_wconf 77' lang='lat' dir='ltr'><strong>legem</strong></span> <span class='ocrx_word' id='word_1_103' title='bbox 774 1902 925 1959; x_wconf 87' lang='lat' dir='ltr'><strong>vestram</strong></span> <span class='ocrx_word' id='word_1_104' title='bbox 950 1895 1106 1977; x_wconf 87' lang='lat' dir='ltr'><strong>judicate</strong></span> 
     </span>
     <span class='ocr_line' id='line_1_16' title="bbox 156 1989 1107 2069; baseline 0.004 -16"><span class='ocrx_word' id='word_1_105' title='bbox 156 1989 263 2069; x_wconf 80' lang='lat' dir='ltr'><strong>eum3&#39;</strong></span> <span class='ocrx_word' id='word_1_106' title='bbox 280 1993 340 2056; x_wconf 88' lang='lat' dir='ltr'><strong>sed</strong></span> <span class='ocrx_word' id='word_1_107' title='bbox 355 1993 504 2069; x_wconf 89' lang='lat' dir='ltr'><strong>tandem,</strong></span> <span class='ocrx_word' id='word_1_108' title='bbox 515 1994 806 2058; x_wconf 84' lang='lat' dir='ltr'><strong>invalescentibus</strong></span> <span class='ocrx_word' id='word_1_109' title='bbox 820 1993 1028 2057; x_wconf 90' lang='lat' dir='ltr'><strong>clamoribus</strong></span> <span class='ocrx_word' id='word_1_110' title='bbox 1040 1993 1062 2055; x_wconf 89' lang='lat' dir='ltr'>J</span> <span class='ocrx_word' id='word_1_111' title='bbox 1066 2013 1107 2057; x_wconf 89' lang='lat' dir='ltr'><strong>u·</strong></span> 
     </span>
     <span class='ocr_line' id='line_1_17' title="bbox 156 2090 1104 2173; baseline 0.002 -21"><span class='ocrx_word' id='word_1_112' title='bbox 156 2090 323 2168; x_wconf 84' lang='lat' dir='ltr'><strong>daeorum,</strong></span> <span class='ocrx_word' id='word_1_113' title='bbox 351 2091 488 2156; x_wconf 89' lang='lat' dir='ltr'><strong>Pilatus</strong></span> <span class='ocrx_word' id='word_1_114' title='bbox 511 2091 641 2157; x_wconf 88' lang='lat' dir='ltr'><strong>dimisit</strong></span> <span class='ocrx_word' id='word_1_115' title='bbox 666 2093 735 2156; x_wconf 92' lang='lat' dir='ltr'><strong>illis</strong></span> <span class='ocrx_word' id='word_1_116' title='bbox 756 2091 953 2156; x_wconf 87' lang='lat' dir='ltr'><strong>Barabbam</strong></span> <span class='ocrx_word' id='word_1_117' title='bbox 973 2091 1017 2154; x_wconf 87' lang='lat' dir='ltr'><strong>ad</strong></span> <span class='ocrx_word' id='word_1_118' title='bbox 1043 2111 1104 2173; x_wconf 88' lang='lat' dir='ltr'><strong>pe-</strong></span> 
     </span>
     <span class='ocr_line' id='line_1_18' title="bbox 157 2189 1106 2268; baseline -0.001 -15"><span class='ocrx_word' id='word_1_119' title='bbox 157 2189 313 2253; x_wconf 86' lang='lat' dir='ltr'><strong>titionem</strong></span> <span class='ocrx_word' id='word_1_120' title='bbox 336 2190 486 2267; x_wconf 90' lang='lat' dir='ltr'><strong>illorum,</strong></span> <span class='ocrx_word' id='word_1_121' title='bbox 510 2199 544 2254; x_wconf 90' lang='lat' dir='ltr'><strong>et</strong></span> <span class='ocrx_word' id='word_1_122' title='bbox 563 2191 705 2255; x_wconf 87' lang='lat' dir='ltr'><strong>tradidit</strong></span> <span class='ocrx_word' id='word_1_123' title='bbox 721 2191 771 2254; x_wconf 91' lang='lat' dir='ltr'><strong>eis</strong></span> <span class='ocrx_word' id='word_1_124' title='bbox 788 2189 812 2254; x_wconf 86' lang='lat' dir='ltr'>J</span> <span class='ocrx_word' id='word_1_125' title='bbox 814 2211 923 2268; x_wconf 91' lang='lat' dir='ltr'><strong>esum,</strong></span> <span class='ocrx_word' id='word_1_126' title='bbox 937 2199 977 2254; x_wconf 88' lang='lat' dir='ltr'><strong>ut</strong></span> <span class='ocrx_word' id='word_1_127' title='bbox 995 2190 1106 2253; x_wconf 92' lang='lat' dir='ltr'><strong>cruci·</strong></span> 
     </span>
     <span class='ocr_line' id='line_1_19' title="bbox 156 2287 1105 2368; baseline 0.002 -18"><span class='ocrx_word' id='word_1_128' title='bbox 156 2287 329 2368; x_wconf 82' lang='lat' dir='ltr'><strong>figeretur.</strong></span> <span class='ocrx_word' id='word_1_129' title='bbox 376 2289 609 2353; x_wconf 86' lang='lat' dir='ltr'><strong>Trabentibus</strong></span> <span class='ocrx_word' id='word_1_130' title='bbox 623 2297 739 2354; x_wconf 87' lang='lat' dir='ltr'><strong>autem</strong></span> <span class='ocrx_word' id='word_1_131' title='bbox 755 2288 779 2353; x_wconf 86' lang='lat' dir='ltr'>J</span> <span class='ocrx_word' id='word_1_132' title='bbox 782 2289 890 2354; x_wconf 85' lang='lat' dir='ltr'><strong>udaeis</strong></span> <span class='ocrx_word' id='word_1_133' title='bbox 907 2290 929 2352; x_wconf 89' lang='lat' dir='ltr'>J</span> <span class='ocrx_word' id='word_1_134' title='bbox 933 2309 1029 2353; x_wconf 90' lang='lat' dir='ltr'><strong>esum</strong></span> <span class='ocrx_word' id='word_1_135' title='bbox 1044 2309 1105 2353; x_wconf 84' lang='lat' dir='ltr'><strong>ex·</strong></span> 
     </span>
     <span class='ocr_line' id='line_1_20' title="bbox 158 2388 1106 2469; baseline 0.003 -20"><span class='ocrx_word' id='word_1_136' title='bbox 158 2393 213 2449; x_wconf 89' lang='lat' dir='ltr'><strong>tra</strong></span> <span class='ocrx_word' id='word_1_137' title='bbox 233 2388 443 2469; x_wconf 77' lang='lat' dir='ltr'><strong>praetorium,</strong></span> <span class='ocrx_word' id='word_1_138' title='bbox 465 2408 543 2452; x_wconf 91' lang='lat' dir='ltr'><strong>cum</strong></span> <span class='ocrx_word' id='word_1_139' title='bbox 568 2390 721 2453; x_wconf 88' lang='lat' dir='ltr'><strong>venisset</strong></span> <span class='ocrx_word' id='word_1_140' title='bbox 746 2390 789 2451; x_wconf 95' lang='lat' dir='ltr'><strong>ad</strong></span> <span class='ocrx_word' id='word_1_141' title='bbox 815 2390 955 2467; x_wconf 89' lang='lat' dir='ltr'><strong>ostium,</strong></span> <span class='ocrx_word' id='word_1_142' title='bbox 982 2388 1106 2453; x_wconf 86' lang='lat' dir='ltr'><strong>Carta-</strong></span> 
     </span>
     <span class='ocr_line' id='line_1_21' title="bbox 156 2484 1106 2569; baseline 0.002 -22"><span class='ocrx_word' id='word_1_143' title='bbox 156 2484 284 2566; x_wconf 91' lang='lat' dir='ltr'><strong>philus,</strong></span> <span class='ocrx_word' id='word_1_144' title='bbox 311 2489 462 2569; x_wconf 89' lang='lat' dir='ltr'><strong>praetorii</strong></span> <span class='ocrx_word' id='word_1_145' title='bbox 489 2488 652 2551; x_wconf 90' lang='lat' dir='ltr'><strong>ostiarius</strong></span> <span class='ocrx_word' id='word_1_146' title='bbox 677 2496 713 2551; x_wconf 93' lang='lat' dir='ltr'><strong>et</strong></span> <span class='ocrx_word' id='word_1_147' title='bbox 733 2486 850 2551; x_wconf 89' lang='lat' dir='ltr'><strong>Pontii</strong></span> <span class='ocrx_word' id='word_1_148' title='bbox 881 2488 1000 2565; x_wconf 85' lang='lat' dir='ltr'><strong>Pilati,</strong></span> <span class='ocrx_word' id='word_1_149' title='bbox 1028 2507 1106 2551; x_wconf 89' lang='lat' dir='ltr'><strong>cnm</strong></span> 
     </span>
     <span class='ocr_line' id='line_1_22' title="bbox 157 2584 1106 2669; baseline 0.003 -22"><span class='ocrx_word' id='word_1_150' title='bbox 157 2604 219 2666; x_wconf 87' lang='lat' dir='ltr'><strong>per</strong></span> <span class='ocrx_word' id='word_1_151' title='bbox 237 2586 363 2649; x_wconf 90' lang='lat' dir='ltr'><strong>ostium</strong></span> <span class='ocrx_word' id='word_1_152' title='bbox 382 2588 492 2649; x_wconf 86' lang='lat' dir='ltr'><strong>exiret</strong></span> <span class='ocrx_word' id='word_1_153' title='bbox 507 2584 531 2649; x_wconf 86' lang='lat' dir='ltr'>J</span> <span class='ocrx_word' id='word_1_154' title='bbox 534 2605 625 2663; x_wconf 90' lang='lat' dir='ltr'><strong>esus,</strong></span> <span class='ocrx_word' id='word_1_155' title='bbox 646 2587 779 2668; x_wconf 89' lang='lat' dir='ltr'><strong>pepulit</strong></span> <span class='ocrx_word' id='word_1_156' title='bbox 795 2606 873 2650; x_wconf 93' lang='lat' dir='ltr'><strong>eum</strong></span> <span class='ocrx_word' id='word_1_157' title='bbox 888 2606 1005 2669; x_wconf 83' lang='lat' dir='ltr'><strong>pugno</strong></span> <span class='ocrx_word' id='word_1_158' title='bbox 1027 2594 1106 2668; x_wconf 82' lang='lat' dir='ltr'><strong>post</strong></span> 
     </span>
     <span class='ocr_line' id='line_1_23' title="bbox 157 2684 1106 2767; baseline 0 -21"><span class='ocrx_word' id='word_1_159' title='bbox 157 2691 291 2764; x_wconf 82' lang='lat' dir='ltr'><strong>tergum</strong></span> <span class='ocrx_word' id='word_1_160' title='bbox 312 2685 416 2767; x_wconf 93' lang='lat' dir='ltr'><strong>impie</strong></span> <span class='ocrx_word' id='word_1_161' title='bbox 435 2693 471 2749; x_wconf 90' lang='lat' dir='ltr'><strong>et</strong></span> <span class='ocrx_word' id='word_1_162' title='bbox 486 2686 630 2748; x_wconf 89' lang='lat' dir='ltr'><strong>irridens</strong></span> <span class='ocrx_word' id='word_1_163' title='bbox 652 2685 786 2767; x_wconf 89' lang='lat' dir='ltr'><strong>[dixit‚]</strong></span> <span class='ocrx_word' id='word_1_164' title='bbox 808 2684 932 2748; x_wconf 88' lang='lat' dir='ltr'><strong>‘Vade</strong></span> <span class='ocrx_word' id='word_1_165' title='bbox 952 2684 1040 2747; x_wconf 87' lang='lat' dir='ltr'><strong>Jesu</strong></span> <span class='ocrx_word' id='word_1_166' title='bbox 1057 2686 1106 2746; x_wconf 93' lang='lat' dir='ltr'><strong>ci-</strong></span> 
     </span>
     <span class='ocr_line' id='line_1_24' title="bbox 159 2782 1106 2866; baseline -0.001 -21"><span class='ocrx_word' id='word_1_167' title='bbox 159 2783 237 2859; x_wconf 88' lang='lat' dir='ltr'><strong>tius,</strong></span> <span class='ocrx_word' id='word_1_168' title='bbox 249 2783 350 2858; x_wconf 87' lang='lat' dir='ltr'><strong>vade,</strong></span> <span class='ocrx_word' id='word_1_169' title='bbox 366 2784 447 2866; x_wconf 91' lang='lat' dir='ltr'><strong>quid</strong></span> <span class='ocrx_word' id='word_1_170' title='bbox 466 2785 611 2847; x_wconf 85' lang='lat' dir='ltr'><strong>moraris</strong></span> <span class='ocrx_word' id='word_1_171' title='bbox 624 2784 651 2847; x_wconf 81' lang='lat' dir='ltr'><strong>l&#39;</strong></span> <span class='ocrx_word' id='word_1_172' title='bbox 694 2783 740 2846; x_wconf 86' lang='lat' dir='ltr'><strong>Et</strong></span> <span class='ocrx_word' id='word_1_173' title='bbox 753 2783 776 2845; x_wconf 86' lang='lat' dir='ltr'>J</span> <span class='ocrx_word' id='word_1_174' title='bbox 780 2802 859 2845; x_wconf 91' lang='lat' dir='ltr'><strong>esus</strong></span> <span class='ocrx_word' id='word_1_175' title='bbox 872 2801 993 2845; x_wconf 89' lang='lat' dir='ltr'><strong>severo</strong></span> <span class='ocrx_word' id='word_1_176' title='bbox 1007 2782 1106 2845; x_wconf 90' lang='lat' dir='ltr'><strong>vultu</strong></span> 
     </span>
     <span class='ocr_line' id='line_1_25' title="bbox 158 2880 1106 2965; baseline -0.003 -20"><span class='ocrx_word' id='word_1_177' title='bbox 158 2890 193 2946; x_wconf 88' lang='lat' dir='ltr'><strong>et</strong></span> <span class='ocrx_word' id='word_1_178' title='bbox 216 2881 316 2946; x_wconf 92' lang='lat' dir='ltr'><strong>oculo</strong></span> <span class='ocrx_word' id='word_1_179' title='bbox 343 2882 528 2965; x_wconf 89' lang='lat' dir='ltr'><strong>respiciens</strong></span> <span class='ocrx_word' id='word_1_180' title='bbox 552 2883 587 2945; x_wconf 92' lang='lat' dir='ltr'><strong>in</strong></span> <span class='ocrx_word' id='word_1_181' title='bbox 611 2902 689 2945; x_wconf 91' lang='lat' dir='ltr'><strong>eum</strong></span> <span class='ocrx_word' id='word_1_182' title='bbox 712 2880 813 2957; x_wconf 88' lang='lat' dir='ltr'><strong>dixit,</strong></span> <span class='ocrx_word' id='word_1_183' title='bbox 830 2887 839 2915; x_wconf 93' lang='lat'>‘</span> <span class='ocrx_word' id='word_1_184' title='bbox 856 2880 955 2961; x_wconf 83' lang='lat' dir='ltr'><strong>Ego,&#39;</strong></span> <span class='ocrx_word' id='word_1_185' title='bbox 981 2881 1106 2961; x_wconf 91' lang='lat' dir='ltr'><strong>inquit,</strong></span> 
     </span>
     <span class='ocr_line' id='line_1_26' title="bbox 155 2978 1107 3063; baseline -0.004 -18"><span class='ocrx_word' id='word_1_186' title='bbox 155 2979 280 3058; x_wconf 84' lang='lat' dir='ltr'><strong>‘vado,</strong></span> <span class='ocrx_word' id='word_1_187' title='bbox 294 2989 328 3045; x_wconf 92' lang='lat' dir='ltr'><strong>et</strong></span> <span class='ocrx_word' id='word_1_188' title='bbox 350 2989 388 3045; x_wconf 90' lang='lat' dir='ltr'><strong>tu</strong></span> <span class='ocrx_word' id='word_1_189' title='bbox 407 2982 626 3063; x_wconf 87' lang='lat' dir='ltr'><strong>exspectabis</strong></span> <span class='ocrx_word' id='word_1_190' title='bbox 645 2981 754 3044; x_wconf 88' lang='lat' dir='ltr'><strong>donec</strong></span> <span class='ocrx_word' id='word_1_191' title='bbox 775 2978 935 3044; x_wconf 65' lang='lat' dir='ltr'><strong>redeam?</strong></span> <span class='ocrx_word' id='word_1_192' title='bbox 981 2978 1107 3061; x_wconf 83' lang='lat' dir='ltr'><strong>Itaque</strong></span> 
     </span>
     <span class='ocr_line' id='line_1_27' title="bbox 151 3077 1106 3163; baseline -0.003 -20"><span class='ocrx_word' id='word_1_193' title='bbox 151 3080 260 3163; x_wconf 86' lang='lat' dir='ltr'><strong>juxta</strong></span> <span class='ocrx_word' id='word_1_194' title='bbox 274 3082 414 3144; x_wconf 86' lang='lat' dir='ltr'><strong>verbum</strong></span> <span class='ocrx_word' id='word_1_195' title='bbox 430 3080 573 3144; x_wconf 90' lang='lat' dir='ltr'><strong>Domini</strong></span> <span class='ocrx_word' id='word_1_196' title='bbox 590 3085 770 3162; x_wconf 87' lang='lat' dir='ltr'><strong>exspectat</strong></span> <span class='ocrx_word' id='word_1_197' title='bbox 788 3079 900 3142; x_wconf 89' lang='lat' dir='ltr'><strong>adbuc</strong></span> <span class='ocrx_word' id='word_1_198' title='bbox 922 3077 1106 3160; x_wconf 74' lang='lat' dir='ltr'><strong>Car-taphi-</strong></span> 
     </span>
     <span class='ocr_line' id='line_1_28' title="bbox 156 3178 1108 3262; baseline 0 -21"><span class='ocrx_word' id='word_1_199' title='bbox 156 3179 211 3242; x_wconf 91' lang='lat' dir='ltr'><strong>lus</strong></span> <span class='ocrx_word' id='word_1_200' title='bbox 239 3178 310 3257; x_wconf 93' lang='lat' dir='ltr'><strong>ille,</strong></span> <span class='ocrx_word' id='word_1_201' title='bbox 341 3181 402 3262; x_wconf 92' lang='lat' dir='ltr'><strong>qui</strong></span> <span class='ocrx_word' id='word_1_202' title='bbox 434 3188 587 3261; x_wconf 87' lang='lat' dir='ltr'><strong>tempore</strong></span> <span class='ocrx_word' id='word_1_203' title='bbox 615 3179 808 3243; x_wconf 89' lang='lat' dir='ltr'><strong>Dominicae</strong></span> <span class='ocrx_word' id='word_1_204' title='bbox 831 3179 1004 3261; x_wconf 82' lang='lat' dir='ltr'><strong>passionis</strong></span> <span class='ocrx_word' id='word_1_205' title='bbox 1032 3185 1108 3241; x_wconf 86' lang='lat' dir='ltr'><strong>erat</strong></span> 
     </span>
     <span class='ocr_line' id='line_1_29' title="bbox 156 3280 1107 3361; baseline -0.001 -20"><span class='ocrx_word' id='word_1_206' title='bbox 156 3280 256 3361; x_wconf 88' lang='lat' dir='ltr'><strong>quasi</strong></span> <span class='ocrx_word' id='word_1_207' title='bbox 287 3280 431 3360; x_wconf 81' lang='lat' dir='ltr'><strong>triginta</strong></span> <span class='ocrx_word' id='word_1_208' title='bbox 458 3298 637 3355; x_wconf 91' lang='lat' dir='ltr'><strong>annorum,</strong></span> <span class='ocrx_word' id='word_1_209' title='bbox 663 3285 698 3342; x_wconf 88' lang='lat' dir='ltr'><strong>et</strong></span> <span class='ocrx_word' id='word_1_210' title='bbox 720 3297 867 3360; x_wconf 89' lang='lat' dir='ltr'><strong>semper,</strong></span> <span class='ocrx_word' id='word_1_211' title='bbox 895 3297 972 3341; x_wconf 90' lang='lat' dir='ltr'><strong>cum</strong></span> <span class='ocrx_word' id='word_1_212' title='bbox 997 3296 1107 3359; x_wconf 88' lang='lat' dir='ltr'><strong>usque</strong></span> 
     </span>
     <span class='ocr_line' id='line_1_30' title="bbox 157 3377 1106 3459; baseline -0.002 -19"><span class='ocrx_word' id='word_1_213' title='bbox 157 3378 200 3440; x_wconf 89' lang='lat' dir='ltr'><strong>ad</strong></span> <span class='ocrx_word' id='word_1_214' title='bbox 217 3385 353 3441; x_wconf 88' lang='lat' dir='ltr'><strong>centum</strong></span> <span class='ocrx_word' id='word_1_215' title='bbox 372 3378 529 3459; x_wconf 84' lang='lat' dir='ltr'><strong>attigerit</strong></span> <span class='ocrx_word' id='word_1_216' title='bbox 551 3395 732 3453; x_wconf 89' lang='lat' dir='ltr'><strong>annorum,</strong></span> <span class='ocrx_word' id='word_1_217' title='bbox 746 3378 835 3440; x_wconf 90' lang='lat' dir='ltr'><strong>redit</strong></span> <span class='ocrx_word' id='word_1_218' title='bbox 849 3377 892 3439; x_wconf 92' lang='lat' dir='ltr'><strong>ad</strong></span> <span class='ocrx_word' id='word_1_219' title='bbox 906 3377 1004 3441; x_wconf 91' lang='lat' dir='ltr'><strong>illum</strong></span> <span class='ocrx_word' id='word_1_220' title='bbox 1021 3383 1106 3439; x_wconf 88' lang='lat' dir='ltr'><strong>aeta-</strong></span> 
     </span>
     <span class='ocr_line' id='line_1_31' title="bbox 157 3476 1106 3559; baseline -0.001 -19"><span class='ocrx_word' id='word_1_221' title='bbox 157 3477 203 3540; x_wconf 87' lang='lat' dir='ltr'><strong>tis</strong></span> <span class='ocrx_word' id='word_1_222' title='bbox 233 3483 377 3553; x_wconf 89' lang='lat' dir='ltr'><strong>statum,</strong></span> <span class='ocrx_word' id='word_1_223' title='bbox 402 3496 471 3559; x_wconf 93' lang='lat' dir='ltr'><strong>quo</strong></span> <span class='ocrx_word' id='word_1_224' title='bbox 503 3476 569 3540; x_wconf 87' lang='lat' dir='ltr'><strong>fuit</strong></span> <span class='ocrx_word' id='word_1_225' title='bbox 599 3495 691 3539; x_wconf 91' lang='lat' dir='ltr'><strong>anno</strong></span> <span class='ocrx_word' id='word_1_226' title='bbox 725 3476 864 3558; x_wconf 88' lang='lat' dir='ltr'><strong>quando</strong></span> <span class='ocrx_word' id='word_1_227' title='bbox 897 3494 1022 3557; x_wconf 87' lang='lat' dir='ltr'><strong>passus</strong></span> <span class='ocrx_word' id='word_1_228' title='bbox 1052 3482 1106 3539; x_wconf 86' lang='lat' dir='ltr'><strong>est</strong></span> 
     </span>
     <span class='ocr_line' id='line_1_32' title="bbox 158 3573 1106 3657; baseline -0.005 -18"><span class='ocrx_word' id='word_1_229' title='bbox 158 3574 328 3639; x_wconf 88' lang='lat' dir='ltr'><strong>Christus.</strong></span> <span class='ocrx_word' id='word_1_230' title='bbox 364 3575 496 3639; x_wconf 88' lang='lat' dir='ltr'><strong>Verum</strong></span> <span class='ocrx_word' id='word_1_231' title='bbox 519 3582 598 3657; x_wconf 89' lang='lat' dir='ltr'><strong>post</strong></span> <span class='ocrx_word' id='word_1_232' title='bbox 621 3573 818 3657; x_wconf 88' lang='lat' dir='ltr'><strong>passionem</strong></span> <span class='ocrx_word' id='word_1_233' title='bbox 843 3573 996 3650; x_wconf 90' lang='lat' dir='ltr'><strong>Domini,</strong></span> <span class='ocrx_word' id='word_1_234' title='bbox 1015 3592 1106 3636; x_wconf 88' lang='lat' dir='ltr'><strong>cres-</strong></span> 
     </span>
     <span class='ocr_line' id='line_1_33' title="bbox 156 3672 1106 3755; baseline -0.006 -17"><span class='ocrx_word' id='word_1_235' title='bbox 156 3683 256 3739; x_wconf 87' lang='lat' dir='ltr'><strong>cente</strong></span> <span class='ocrx_word' id='word_1_236' title='bbox 273 3674 340 3737; x_wconf 86' lang='lat' dir='ltr'><strong>fidc</strong></span> <span class='ocrx_word' id='word_1_237' title='bbox 354 3674 538 3751; x_wconf 91' lang='lat' dir='ltr'><strong>catholica,</strong></span> <span class='ocrx_word' id='word_1_238' title='bbox 555 3674 645 3736; x_wconf 94' lang='lat' dir='ltr'><strong>idem</strong></span> <span class='ocrx_word' id='word_1_239' title='bbox 669 3672 891 3755; x_wconf 86' lang='lat' dir='ltr'><strong>Cartaphilus</strong></span> <span class='ocrx_word' id='word_1_240' title='bbox 910 3672 1106 3753; x_wconf 83' lang='lat' dir='ltr'><strong>baptizatus</strong></span> 
     </span>
     <span class='ocr_line' id='line_1_34' title="bbox 157 3771 1106 3855; baseline -0.006 -19"><span class='ocrx_word' id='word_1_241' title='bbox 157 3773 223 3837; x_wconf 84' lang='lat' dir='ltr'><strong>suit</strong></span> <span class='ocrx_word' id='word_1_242' title='bbox 247 3775 291 3837; x_wconf 89' lang='lat' dir='ltr'><strong>ab</strong></span> <span class='ocrx_word' id='word_1_243' title='bbox 317 3773 469 3850; x_wconf 86' lang='lat' dir='ltr'><strong>Anania,</strong></span> <span class='ocrx_word' id='word_1_244' title='bbox 494 3773 553 3855; x_wconf 89' lang='lat' dir='ltr'><strong>qui</strong></span> <span class='ocrx_word' id='word_1_245' title='bbox 579 3771 728 3836; x_wconf 87' lang='lat' dir='ltr'><strong>Paulum</strong></span> <span class='ocrx_word' id='word_1_246' title='bbox 753 3771 943 3854; x_wconf 84' lang='lat' dir='ltr'><strong>baptizavit</strong></span> <span class='ocrx_word' id='word_1_247' title='bbox 966 3775 1106 3852; x_wconf 90' lang='lat' dir='ltr'><strong>aposto·</strong></span> 
     </span>
    </p>
   </div>
   <div class='ocr_carea' id='block_1_3' title="bbox 156 3868 1159 4334">
    <p class='ocr_par' dir='ltr' id='par_1_3' title="bbox 157 3868 1159 3954">
     <span class='ocr_line' id='line_1_35' title="bbox 157 3868 1159 3954; baseline -0.007 -19"><span class='ocrx_word' id='word_1_248' title='bbox 157 3873 241 3950; x_wconf 91' lang='lat' dir='ltr'><strong>lum,</strong></span> <span class='ocrx_word' id='word_1_249' title='bbox 264 3881 300 3936; x_wconf 89' lang='lat' dir='ltr'><strong>et</strong></span> <span class='ocrx_word' id='word_1_250' title='bbox 317 3880 464 3937; x_wconf 89' lang='lat' dir='ltr'><strong>vocatus</strong></span> <span class='ocrx_word' id='word_1_251' title='bbox 480 3880 533 3936; x_wconf 91' lang='lat' dir='ltr'><strong>est</strong></span> <span class='ocrx_word' id='word_1_252' title='bbox 550 3871 572 3933; x_wconf 89' lang='lat' dir='ltr'>J</span> <span class='ocrx_word' id='word_1_253' title='bbox 576 3871 693 3954; x_wconf 92' lang='lat' dir='ltr'><strong>oseph.</strong></span> <span class='ocrx_word' id='word_1_254' title='bbox 749 3869 900 3933; x_wconf 90' lang='lat' dir='ltr'><strong>Habitat</strong></span> <span class='ocrx_word' id='word_1_255' title='bbox 913 3874 1028 3931; x_wconf 89' lang='lat' dir='ltr'><strong>autem</strong></span> <span class='ocrx_word' id='word_1_256' title='bbox 1039 3868 1105 3930; x_wconf 82' lang='lat' dir='ltr'><strong>ire·</strong></span> <span class='ocrx_word' id='word_1_257' title='bbox 1156 3942 1159 3950; x_wconf 29' lang='grc' dir='ltr'><strong><em>Ι</em></strong></span> 
     </span>
    </p>

    <p class='ocr_par' dir='ltr' id='par_1_4' title="bbox 157 3965 1106 4054">
     <span class='ocr_line' id='line_1_36' title="bbox 157 3965 1106 4054; baseline -0.008 -19"><span class='ocrx_word' id='word_1_258' title='bbox 157 3979 303 4054; x_wconf 82' lang='lat' dir='ltr'><strong>quanter</strong></span> <span class='ocrx_word' id='word_1_259' title='bbox 323 3972 359 4035; x_wconf 89' lang='lat' dir='ltr'><strong>iu</strong></span> <span class='ocrx_word' id='word_1_260' title='bbox 383 3980 531 4053; x_wconf 88' lang='lat' dir='ltr'><strong>utraque</strong></span> <span class='ocrx_word' id='word_1_261' title='bbox 554 3968 719 4034; x_wconf 85' lang='lat' dir='ltr'><strong>Armenia</strong></span> <span class='ocrx_word' id='word_1_262' title='bbox 742 3976 777 4032; x_wconf 91' lang='lat' dir='ltr'><strong>et</strong></span> <span class='ocrx_word' id='word_1_263' title='bbox 798 3968 836 4030; x_wconf 89' lang='lat' dir='ltr'><strong>in</strong></span> <span class='ocrx_word' id='word_1_264' title='bbox 858 3965 936 4031; x_wconf 87' lang='lat' dir='ltr'><strong>aliis</strong></span> <span class='ocrx_word' id='word_1_265' title='bbox 958 3966 1106 4048; x_wconf 80' lang='lat' dir='ltr'><strong>regioni-</strong></span> 
     </span>
    </p>

    <p class='ocr_par' dir='ltr' id='par_1_5' title="bbox 156 4065 1107 4152">
     <span class='ocr_line' id='line_1_37' title="bbox 156 4065 1107 4152; baseline -0.007 -17"><span class='ocrx_word' id='word_1_266' title='bbox 156 4072 221 4135; x_wconf 92' lang='lat' dir='ltr'><strong>bus</strong></span> <span class='ocrx_word' id='word_1_267' title='bbox 249 4071 406 4147; x_wconf 90' lang='lat' dir='ltr'><strong>orientis,</strong></span> <span class='ocrx_word' id='word_1_268' title='bbox 429 4072 550 4135; x_wconf 86' lang='lat' dir='ltr'><strong>vivens</strong></span> <span class='ocrx_word' id='word_1_269' title='bbox 572 4069 663 4133; x_wconf 92' lang='lat' dir='ltr'><strong>inter</strong></span> <span class='ocrx_word' id='word_1_270' title='bbox 685 4068 865 4152; x_wconf 86' lang='lat' dir='ltr'><strong>episcopos</strong></span> <span class='ocrx_word' id='word_1_271' title='bbox 888 4072 924 4129; x_wconf 86' lang='lat' dir='ltr'><strong>et</strong></span> <span class='ocrx_word' id='word_1_272' title='bbox 940 4065 1028 4130; x_wconf 89' lang='lat' dir='ltr'><strong>alios</strong></span> <span class='ocrx_word' id='word_1_273' title='bbox 1051 4084 1107 4128; x_wconf 89' lang='lat' dir='ltr'><strong>eo·</strong></span> 
     </span>
    </p>

    <p class='ocr_par' dir='ltr' id='par_1_6' title="bbox 157 4166 1109 4334">
     <span class='ocr_line' id='line_1_38' title="bbox 157 4166 1109 4253; baseline -0.007 -18"><span class='ocrx_word' id='word_1_274' title='bbox 157 4171 271 4235; x_wconf 85' lang='lat' dir='ltr'><strong>clesiae</strong></span> <span class='ocrx_word' id='word_1_275' title='bbox 293 4170 471 4253; x_wconf 84' lang='lat' dir='ltr'><strong>praelatos,</strong></span> <span class='ocrx_word' id='word_1_276' title='bbox 493 4170 595 4234; x_wconf 90' lang='lat' dir='ltr'><strong>homo</strong></span> <span class='ocrx_word' id='word_1_277' title='bbox 618 4176 750 4234; x_wconf 82' lang='lat' dir='ltr'><strong>sanctae</strong></span> <span class='ocrx_word' id='word_1_278' title='bbox 771 4166 1044 4231; x_wconf 85' lang='lat' dir='ltr'><strong>conversationis</strong></span> <span class='ocrx_word' id='word_1_279' title='bbox 1073 4171 1109 4228; x_wconf 89' lang='lat' dir='ltr'><strong>et</strong></span> 
     </span>
     <span class='ocr_line' id='line_1_39' title="bbox 207 4282 959 4334; baseline -0.003 -4"><span class='ocrx_word' id='word_1_280' title='bbox 207 4286 288 4334; x_wconf 80' lang='lat' dir='ltr'><strong>von.</strong></span> <span class='ocrx_word' id='word_1_281' title='bbox 307 4286 355 4333; x_wconf 82' lang='grc' dir='ltr'><strong>ιν.</strong></span> <span class='ocrx_word' id='word_1_282' title='bbox 936 4282 959 4328; x_wconf 78' lang='lat' dir='ltr'><strong>u</strong></span> 
     </span>
    </p>
   </div>
   <div class='ocr_carea' id='block_1_4' title="bbox 0 0 1499 4996">
    <p class='ocr_par' dir='ltr' id='par_1_7' title="bbox 0 0 1499 4996">
     <span class='ocr_line' id='line_1_40' title="bbox 0 0 1499 4996; baseline 0 0"><span class='ocrx_word' id='word_1_283' title='bbox 0 0 1499 4996; x_wconf 95' lang='lat' dir='ltr'><strong> </strong></span> 
     </span>
    </p>
   </div>
  </div>
 </body>
</html>
