2978 4996
477 432 617 482 monus
641 432 907 482 ursronmnuu.
1101 422 1167 487 209

212 592 324 655 Facta
346 599 400 654 est
422 598 539 655 autem
562 610 667 673 super
689 592 753 654 boc
776 611 858 656 casu
883 595 989 657 totius
1012 596 1164 661 civitatis
1177 615 1298 656 nana

212 711 280 754 non
310 691 444 754 modica
474 691 668 767 admiratio,
696 693 926 755 metuentibus
949 697 1094 773 cunctis,
1121 717 1164 760 ne

210 809 374 870 magnum
400 789 530 872 aliquid
553 799 588 853 et
610 791 787 855 insolitum
812 793 1087 872 prognosticaret
1110 796 1163 859 su-

211 896 337 952 turum.
392 888 522 951 Eodem
548 908 652 965 anno,
676 899 828 971 tempore
850 890 1161 972 Quadragesimali,

209 987 398 1069 imperator
426 987 605 1050 Romanus
637 998 758 1051 contra
784 988 901 1052 hostes
929 1010 1011 1054 suos
1035 993 1085 1055 ita
1107 994 1161 1056 in·

210 1087 333 1161 valuit,
357 1087 449 1168 qnod
473 1093 588 1150 castra
612 1106 676 1149 sua
697 1095 732 1150 et
749 1087 832 1169 jura
857 1090 972 1152 omnia
990 1090 1033 1152 ad
1054 1092 1161 1173 impe-

211 1186 299 1248 rium
315 1186 511 1267 spectantia
527 1193 686 1266 potenter
703 1187 902 1265 revocavit;
926 1208 1161 1272 quoscumque

212 1285 247 1347 in
272 1284 424 1348 castellis
445 1285 518 1347 suis
540 1304 584 1347 ex
611 1284 819 1347 adversariis
846 1288 949 1367 cepit,
976 1296 1038 1351 aut
1062 1290 1160 1353 vivos

211 1383 414 1458 excoriavit,
448 1391 509 1446 aut
544 1383 701 1464 patibulo
737 1384 927 1465 suspendit.
980 1386 1159 1452 lohannes

212 1502 294 1546 vero
314 1483 356 1546 de
377 1483 550 1557 Breisnes,
574 1483 633 1564 qui
658 1482 767 1545 bostis
795 1483 870 1565 ejus
894 1492 969 1548 erat
990 1487 1160 1567 publicus,

211 1590 367 1645 metuens
385 1581 534 1644 incidere
551 1582 587 1643 in
609 1583 767 1644 manibus
782 1582 887 1658 illius,
910 1584 999 1665 fugit
1017 1586 1051 1648 in
1073 1586 1161 1650 Gal·

211 1679 276 1743 lias
290 1681 333 1743 ad
349 1680 466 1744 natale
484 1680 607 1745 solum.
647 1680 693 1743 Et
708 1681 770 1756 sic,
785 1673 1029 1747 'mediantibus
1041 1686 1160 1749 amicis

212 1786 247 1842 ct
264 1780 348 1842 viris
373 1779 554 1860 religiosiS,
575 1786 717 1843 statutae
737 1786 818 1842 sunt
835 1789 966 1861 treugae
987 1784 1077 1847 inter
1098 1784 1159 1848 do·

212 1879 341 1941 minum
364 1897 491 1960 papam
514 1888 548 1941 et
564 1878 676 1960 ipsum
700 1879 954 1959 imperatorem,
980 1899 1160 1964 quousque

213 1978 248 2040 in
263 1978 414 2060 aliquam
431 1977 527 2059 pacis
544 1978 688 2040 formam
706 1977 941 2041 convenirent.
987 1978 1159 2043 Paridem
1184 2028 1188 2033 -

213 2083 348 2159 tempus
363 2071 578 2140 ²Willelmus
597 2076 639 2140 de
660 2075 820 2152 Brausia,
835 2077 889 2139 vir
905 2078 1029 2141 nobilis
1052 2087 1087 2142 et
1101 2099 1160 2161 po·

212 2183 298 2251 tens,
312 2196 334 2239 a
348 2176 502 2251 Loelino,
518 2176 673 2257 principe
683 2175 902 2252 Walliarum,
917 2177 1072 2258 patibulo
1082 2199 1158 2241 sus·

212 2295 338 2356 pensus
370 2283 423 2339 est
448 2295 565 2338 mense
591 2275 717 2356 Aprili,
748 2294 826 2337 cum
852 2294 961 2340 uxore
999 2277 1086 2360 ejus,
1122 2286 1160 2341 ut

211 2373 400 2451 dicebatur,
415 2375 450 2436 in
466 2374 635 2437 adulterio
653 2374 896 2456 deprehensus.

262 2474 392 2537 Eodem
410 2481 577 2555 tempore,
599 2474 643 2536 ad
665 2474 880 2537 exactionem
905 2475 1008 2555 regiS,
1027 2477 1160 2539 archie-

212 2574 356 2655 piscopi,
383 2572 547 2654 episcopi,
576 2574 720 2636 abbates
747 2580 781 2636 et
804 2574 934 2654 priores
959 2594 1020 2654 per
1036 2574 1160 2656 Angli-

214 2691 269 2735 am
298 2679 407 2735 totam
436 2673 509 2753 regi
541 2672 650 2736 eidem
685 2672 865 2753 pecuniam
897 2671 1063 2736 dederuut
1090 2693 1159 2736 non

213 2773 396 2848 modicam,
424 2772 524 2852 quasi
555 2791 616 2852 per
649 2790 724 2833 eam
763 2771 942 2833 subtracta
975 2773 1066 2852 patri
1096 2792 1160 2834 suo

206 2871 289 2955 jura
320 2878 439 2953 posset
466 2890 629 2934 revocare
659 2872 696 2932 in
722 2869 878 2950 partibus
910 2869 1159 2935 transmarinis.

213 2970 317 3035 Cives
346 2970 581 3033 Loudinenses
610 2989 672 3050 pro
700 2968 820 3032 eodem
851 2969 991 3048 negotio
1013 2969 1055 3032 ad
1082 2970 1159 3031 red-

211 3071 418 3151 emptionem
448 3069 687 3150 gravissimam
713 3076 796 3131 sunt
817 3068 1010 3150 compulsi3
1043 3068 1066 3131 J
1071 3069 1158 3132 udaei

210 3170 315 3233 ctiam
343 3169 481 3232 tertiam
517 3175 650 3250 partem
681 3188 794 3230 rerum
826 3187 965 3231 suarum
996 3169 1159 3245 omnium,

211 3268 340 3332 vellent
359 3268 501 3344 nollent,
520 3268 771 3349 persolverunt.

303 3439 393 3520 Quod
406 3463 459 3506 rea
473 3441 647 3527 duplatam
663 3464 731 3507 cum
745 3445 878 3508 exercitu
895 3446 1023 3508 transiit
1040 3445 1074 3508 io

577 3542 793 3606 Britanniam.

265 3665 343 3729 Rex
362 3664 558 3747 Anglorum
581 3664 755 3729 Henricus
781 3665 817 3727 in
838 3659 1058 3728 solemnitate
1076 3663 1161 3727 Pas·
1174 3682 1303 3771 mlle

212 3765 302 3828 ebali
340 3765 431 3847 apud
474 3764 673 3843 Radingum
712 3764 940 3845 congregavit
971 3764 1161 3825 exercitum
1176 3787 1248 3830 tanny.

247 3971 438 4022 ¹Mediuntibus
458 3973 545 4021 amicis
565 3976 590 4020 et
613 3972 675 4020 viris
700 3972 738 4021 lor
757 3971 799 4019 tbe
819 3977 895 4019 terms
917 3970 946 4018 ol
959 3969 1002 4018 the
1019 3974 1111 4032 treaty,
1128 3970 1162 4020 ib.

208 4038 359 4110 religiosa]
378 4043 427 4091 For
438 4059 470 4092 an
482 4047 589 4091 account
595 4041 624 4090 oi
632 4042 674 4090 tbe
701 4058 726 4103 p.
738 4044 779 4090 21.

210 4118 341 4162 overtures
360 4113 414 4160 first
435 4113 509 4161 made
530 4112 568 4159 lor
587 4125 676 4172 peace,
735 4107 894 4159 ’Willelmas
912 4111 941 4158 de
961 4104 1092 4178 Bromia]
1115 4111 1163 4158 See

211 4197 254 4232 see
267 4181 404 4243 myrum,
416 4183 443 4231 ii.
456 4198 482 4243 p.
493 4186 533 4244 la,
543 4196 605 4245 seqq
624 4180 674 4229 aud
700 4181 789 4243 above,
802 4196 829 4242 p.
842 4184 899 4243 lta,
909 4184 973 4229 note.

264 4272 342 4319 vol..
367 4272 416 4319 lv.
994 4269 1013 4315 P
