2978 4996
364 436 430 500 322
619 447 752 495 uoonnr
779 445 824 491 un
848 440 1055 490 wnnnovnrr

205 629 261 669 su.
274 626 329 666 1²³⁴.
370 606 494 670 linibus
523 602 750 677 Bedefordiae,
780 608 816 663 et
846 599 896 662 sic
928 617 990 679 per
1021 595 1171 659 insulam
1204 593 1321 657 Elien-

371 725 442 769 sem
461 712 496 767 ct
512 702 656 767 Norsolc
673 700 717 763 ad
736 700 902 763 orientem
923 696 1070 760 tendens
1087 696 1123 758 in
1145 714 1242 757 mare
1264 693 1323 757 de·

371 803 514 868 scendit.
566 799 764 864 Saeviobant
787 796 956 880 siquidem
989 795 1055 859 hoc
1083 813 1176 857 anno
1201 793 1322 857 multae

372 901 567 967 consimiles
600 904 823 980 tempestates
855 897 890 959 in
922 895 1008 958 locis
1045 892 1204 969 diversis,
1240 911 1320 974 quae

373 1001 490 1066 multis
520 1008 591 1063 tam
622 997 792 1062 terribiles
819 1013 925 1077 quam
954 993 1131 1057 damnosae
1162 990 1324 1068 inerunt;

375 1101 435 1164 sed
458 1108 493 1164 et
513 1099 577 1162 hoc
600 1097 758 1161 similiter
777 1093 929 1157 notabile
955 1091 1102 1166 videtur,
1129 1091 1222 1173 quod
1245 1089 1325 1154 reli-

375 1200 466 1281 quiae
485 1198 636 1278 frugum,
657 1215 734 1277 quae
752 1201 958 1275 tempestate
981 1190 1153 1271 completa
1174 1191 1210 1253 in
1232 1189 1328 1271 egris

377 1303 624 1371 remanserant,
641 1295 691 1358 ita
706 1292 836 1356 foetidae
851 1298 951 1355 erant
966 1291 1130 1364 inventae,
1143 1289 1237 1370 quod
1256 1308 1325 1351 non

378 1416 487 1479 equus
508 1394 562 1457 vel
585 1394 715 1468 asinus,
734 1411 802 1454 non
822 1391 885 1454 bos
908 1396 970 1453 aut
989 1407 1127 1470 porcus,
1148 1406 1217 1450 non
1239 1406 1328 1451 auca

378 1494 433 1558 vel
453 1492 584 1574 gallina
606 1490 783 1554 comedere
810 1489 890 1553 illas
910 1488 1106 1563 voluerunt,
1129 1505 1209 1549 cum
1232 1505 1328 1569 saepe

378 1593 427 1655 eis
445 1592 591 1654 fuissent
608 1590 652 1652 ad
666 1587 913 1653 comedendum
931 1587 1067 1650 oblatae.

439 1759 488 1821 De
501 1757 659 1822 discordia
672 1760 754 1822 inter
768 1757 926 1822 dominum
933 1778 1058 1844 popum
1071 1766 1099 1822 et
1108 1758 1264 1822 Romanos

796 1867 914 1921 morto.

433 1975 577 2046 Eodem¹
597 2001 690 2045 anno
708 1989 832 2045 exorta
847 1989 901 2045 est
920 1981 1043 2045 Romae
1062 1980 1181 2061 gravis
1200 1979 1332 2043 dissen-

219 2068 233 2096 ⁸
284 2067 319 2094 ¹¹¹⁰
382 2082 433 2144 sio
455 2083 546 2144 inter
569 2081 745 2144 dominum
765 2100 893 2162 papam
913 2088 949 2144 et
965 2081 1058 2143 cives
1078 2079 1258 2143 Romanos
1276 2077 1330 2142 bis

283 2166 294 2192 ¹
359 2164 425 2243 ede
442 2180 566 2242 causis.
620 2179 800 2260 Usurpant
814 2179 882 2243 sibi
899 2180 993 2242 cives
1013 2179 1196 2242 memorati
1209 2197 1254 2241 ex
1270 2196 1332 2241 an-

384 2279 480 2359 tiquo
503 2277 595 2360 jure,
615 2276 707 2358 quod
731 2277 911 2342 Romanus
936 2278 1093 2359 pontifex
1118 2297 1189 2340 non
1216 2284 1332 2358 potest

384 2377 533 2457 aliquem
561 2395 606 2440 ex
631 2376 772 2438 civibus¹
790 2377 1100 2452 excommunicare,
1128 2376 1185 2439 vel
1212 2377 1331 2439 urbem

385 2493 447 2555 pro
468 2474 621 2555 quolibet
641 2493 786 2538 excessu
809 2494 1003 2557 supponere
1026 2474 1224 2540 interdicto.
1275 2474 1332 2539 Ad

386 2572 450 2635 boc
472 2573 555 2636 dicit
574 2592 728 2635 summus
749 2574 918 2655 pontifex,
943 2574 1036 2656 quod
1054 2573 1166 2636 minor
1187 2581 1242 2639 est
1256 2575 1332 2637 Deo

387 2680 422 2735 et
438 2671 550 2754 major
573 2672 778 2749 hominibus,
800 2691 883 2753 ergo
901 2672 1012 2756 major
1032 2672 1165 2736 civibus
1184 2665 1334 2736 ²Romu·

388 2771 462 2850 nis3
487 2778 533 2847 et,
551 2791 627 2834 cum
643 2790 761 2834 eorum
777 2772 824 2835 sit
840 2780 939 2853 pater
959 2771 1162 2853 spiritualis,
1179 2771 1284 2835 debet
1300 2780 1334 2835 et

388 2869 431 2933 de
451 2870 531 2953 jure
558 2878 673 2951 potest
701 2869 791 2933 filios
819 2871 989 2952 corrigere
1017 2869 1271 2952 delinquentes,
1295 2883 1334 2935 ut

389 2969 454 3032 sibi
468 2969 503 3031 in
522 2969 588 3031 fide
604 2968 733 3032 Christi
747 2969 934 3051 subjectos,
956 2969 1047 3033 unde
1065 2968 1108 3031 de
1123 2969 1205 3052 jure
1222 2978 1337 3052 potest

391 3067 651 3131 rationabilibus
676 3067 719 3130 de
745 3069 859 3131 causis
885 3088 946 3131 eos
976 3068 1275 3132 excommunicare
1302 3077 1337 3134 et

390 3165 567 3228 civitatem
583 3165 796 3230 interdicere.
849 3167 951 3244 Item,
968 3173 1159 3249 potestates
1183 3168 1280 3231 urbis
1303 3177 1338 3232 et

391 3271 568 3326 senatores
589 3284 741 3329 annuum
764 3267 929 3331 tributum
956 3266 1105 3346 exigunt
1120 3265 1164 3329 ab
1189 3267 1337 3331 ecclesia

392 3361 564 3436 Romana,
587 3363 677 3445 quod
702 3365 763 3441 eis,
780 3372 852 3429 tam
874 3385 918 3428 ex
942 3384 1032 3428 novo
1055 3383 1159 3448 quam
1182 3383 1228 3428 ex
1249 3367 1339 3430 anti·

392 3481 461 3543 quo
472 3461 564 3544 jure,
580 3462 730 3526 Romani
747 3464 927 3545 pontifices
943 3464 1198 3546 persolvebant,
1210 3464 1255 3528 de
1271 3484 1340 3547 quo

392 3562 495 3624 etiam
523 3580 658 3643 semper
681 3581 789 3644 usque
812 3563 977 3627 edistius
1000 3581 1101 3644 papae
1123 3570 1281 3645 tempora
1302 3565 1338 3627 in

393 3661 609 3741 possessione
625 3662 774 3724 fuerunt.
826 3662 883 3727 Ad
904 3662 967 3725 hoc
981 3661 1064 3725 dicit
1079 3680 1182 3743 papa,
1199 3662 1293 3744 quod
1310 3662 1341 3726 si

393 3759 539 3823 ecclesia
566 3758 726 3823 Romana
752 3762 962 3843 temporibus
990 3761 1252 3842 persecutionis,
1277 3782 1341 3844 pro

393 3858 590 3922 defensione
607 3877 671 3921 sua
690 3867 725 3922 et
742 3879 804 3941 pro
821 3860 911 3924 bono
932 3860 1040 3942 pacis,
1057 3859 1247 3941 aliquando
1269 3880 1342 3925 ma·

388 3956 485 4039 jorcs
517 3956 668 4022 civitatis
695 3958 731 4021 iu
762 3958 862 4035 donis
889 3958 1051 4041 gratuitis
1080 3959 1272 4024 liberaliter
1290 3980 1344 4024 re-

429 4132 536 4183 'Eodem
546 4135 630 4199 anan]
656 4135 854 4200 Raynuldilln-
913 4130 1079 4196 ‘Romnum
1103 4133 1168 4183 ‘Vel
1188 4136 1266 4184 etiem
1285 4151 1345 4199 rege

393 4203 445 4252 nal.
456 4204 483 4254 ii.
495 4219 521 4265 p.
530 4208 586 4254 117.
880 4203 920 4253 vel
931 4204 1080 4264 imperatore
1086 4203 1105 4264 ς’
1122 4203 1207 4253 Paris.
