2978 4996
393 431 534 479 11011111
557 433 830 482 rusroumnuu.
1025 420 1090 483 179

134 579 286 665 recepit¹
328 585 457 650 Eodem
471 597 625 671 ternpore
636 590 721 653 obiit
734 590 925 668 Galsridns,
939 593 1087 657 Eliensis
1102 608 1224 649 1111222.

136 682 332 767 episcopus,
355 705 472 750 mense
498 687 712 764 Decembris,
737 697 771 753 ct
794 691 951 773 sepultus
975 693 1087 755 estin

137 782 283 846 ecclesia
305 784 495 849 cathedrali
517 787 627 868 pridie
650 788 728 850 idus
754 790 881 852 mensis
910 790 1085 872 ejusdem;

136 899 206 961 quo
222 881 395 959 defuncto,
412 885 570 948 monachi
588 886 766 968 elegerunt
778 889 950 951 communi
967 909 1086 952 assen-

136 998 178 1041 su
194 973 402 1062 ²Hugonem
423 985 535 1047 sancti
555 984 727 1048 Edmundi
746 987 919 1063 abbatem,
937 989 995 1069 qui
1014 988 1086 1067 regi

137 1087 368 1159 praesentatus
400 1090 580 1163 gratanter
605 1092 788 1166 susceptus
821 1092 874 1148 est
897 1093 932 1148 et
956 1087 1086 1190 episco-

137 1185 241 1258 patus
258 1181 358 1243 bonis
375 1181 535 1244 omnihus
552 1182 747 1247 investitus.

190 1353 343 1425 Quomodo
357 1363 513 1440 magnatos
528 1357 735 1420 transmarini
751 1379 847 1442 repom
862 1358 1039 1443 Aayloram

380 1454 552 1518 sollicitant
565 1463 600 1518 ut
616 1456 843 1539 transfretaret

187 1572 292 1639 Anno
310 1576 451 1640 Domini
478 1593 665 1641 ucoxxrx.
689 1598 750 1641 rex
768 1578 963 1660 Anglorum
988 1579 1086 1643 Hen·
1100 1589 1155 1628 22)·
1167 1591 1224 1629 2229

136 1672 229 1736 ricus
254 1674 297 1737 ad
316 1677 431 1740 natale
444 1677 587 1740 Domini
603 1678 714 1740 tenuit
730 1679 861 1741 curiam
878 1698 977 1741 suam
992 1650 1203 1760 1011112992·

1098 1738 1133 1776 lnv
1136 1738 1212 1776 11111011

138 1773 323 1851 Oxoniam,
346 1776 575 1857 praesentibus
592 1774 811 1856 magnatibus
828 1777 936 1856 regni
979 1776 1086 1841 Venit
1098 1787 1227 1827 22229201

1097 1847 1147 1875 man
1160 1837 1201 1875 und

135 1879 252 1934 autem
272 1872 316 1935 ad
335 1893 414 1937 eum
436 1875 483 1937 ibi
503 1874 781 1956 archiepiscopus
806 1874 1085 1954 Burdogalensis‚
1097 1886 1248 1974 2231121912

135 1970 262 2033 missus
289 1990 311 2034 a
338 1973 557 2053 magnatibus
589 1972 798 2048 Wasconiae,
828 1971 1029 2053 Aquitaniae
1051 1982 1087 2037 et

138 2067 321 2148 Pictaviae,
343 2072 401 2152 qui
420 2090 441 2134 a
461 2091 541 2153 rege
562 2091 638 2134 cum
662 2071 790 2135 honore
814 2079 995 2153 susceptus
1013 2071 1086 2134 dies

136 2187 215 2231 cum
235 2168 295 2233 illo
321 2170 499 2234 natalitios
525 2171 721 2234 celebravit.
778 2168 959 2233 Venerunt
981 2169 1085 2232 etiam

137 2266 250 2330 etalii
273 2269 432 2333 solennes
452 2269 564 2333 nuntii
586 2269 630 2332 ad
652 2269 780 2332 dictum
801 2288 916 2350 regom
934 2269 976 2333 de
995 2269 1087 2332 Nor-

63 2407 68 2416 ι
137 2366 289 2443 mannia,
311 2387 457 2450 quorum
478 2368 630 2431 omniurn
653 2388 759 2431 unum
780 2375 886 2450 atque
903 2367 994 2431 idem
1011 2377 1086 2432 erat

139 2466 331 2546 negotium,
361 2474 401 2530 ut
423 2467 583 2530 videlicet
606 2486 651 2530 ex
677 2474 777 2549 parte
808 2476 1009 2549 magnatum
1032 2487 1085 2530 re·

137 2565 280 2644 gionum
309 2565 553 2647 praedictarum
586 2585 700 2646 regem
733 2566 887 2629 studiose
918 2566 1085 2630 sollicita·

138 2670 227 2738 rent,
246 2672 416 2746 quatenns
438 2665 480 2727 ad
505 2671 622 2745 partes
643 2664 722 2727 illas
742 2664 860 2727 venire
880 2665 917 2726 in
938 2683 1086 2744 persona

137 2763 279 2844 propria
306 2763 520 2844 dignaretur,
546 2763 790 2826 denuntiantes
819 2762 862 2837 ei,
889 2761 981 2842 quod
1011 2763 1086 2824 uni·

136 2862 229 2924 versi
258 2861 304 2924 ad
330 2881 408 2925 eum
438 2882 516 2925 curn
548 2863 645 2943 equis
672 2862 828 2924 venirent
854 2866 889 2921 et
913 2860 1018 2921 armis
1050 2868 1086 2924 et

137 2959 266 3042 populo
302 2961 464 3042 regionis,
488 2969 592 3043 atque
625 2979 702 3023 cum
735 2958 796 3021 illo
825 2958 1085 3021 immutabiliter

136 3067 283 3135 starent,
306 3066 345 3122 ut
363 3079 525 3124 revocare
545 3066 663 3142 posset
685 3058 902 3121 haereditates
927 3058 1084 3121 amissas.

137 3155 218 3220 Rex
241 3166 371 3235 antem,
394 3159 454 3241 qui
483 3157 595 3222 adhuc
629 3165 703 3221 erat
728 3157 833 3219 nimia
863 3157 1085 3239 simplicitate

136 3256 336 3339 perplexus,
358 3277 380 3320 a
397 3257 593 3341 justiciario
621 3276 697 3333 suo,
724 3276 825 3338 quem
851 3255 1084 3320 consiliarium

136 3356 276 3419 unicum
303 3355 435 3432 habuit,
455 3357 636 3420 consilinm
657 3374 817 3438 quaerens
840 3355 887 3419 nil
910 3355 1004 3419 alind
1027 3374 1084 3418 ac·

136 3454 241 3535 cepit,
264 3455 330 3518 nisi
353 3463 392 3519 ut
410 3456 587 3536 negotium
605 3453 768 3530 differret,
783 3454 891 3517 donec
909 3453 995 3517 hora
1011 3454 1086 3516 feli-

135 3554 209 3616 cior
229 3553 408 3619 arrideret.
462 3554 589 3618 Nuntii
609 3572 703 3629 vero,
722 3553 815 3615 alind
833 3572 902 3615 non
919 3551 1084 3615 hahentes

134 3652 171 3715 in
187 3653 373 3734 responsis,
389 3654 433 3717 ad
449 3654 589 3735 propria
604 3660 686 3715 sunt
703 3651 844 3714 reversi.

171 3824 310 3892 ¹Reoepit.]
336 3829 379 3878 He
396 3843 450 3878 was
469 3844 599 3878 consecra·
624 3830 657 3890 hy
673 3828 772 3888 Heury,
788 3825 879 3886 biahop
894 3824 923 3872 ol'
939 3822 1086 3872 linchester.

133 3897 177 3946 ted
194 3911 227 3945 011
241 3897 466 3960 TrinitySunday‚
480 3899 523 3947 the
541 3899 599 3946 loth
658 3894 818 3958 ’Hugoaona
829 3891 841 3962 ]
866 3894 946 3956 Hugh
963 3892 1084 3941 Norwold

133 3967 164 4016 oi
176 3966 256 4028 June,
273 3967 306 4028 hy
320 3967 447 4030 leceline,
464 3968 554 4029 bishop
574 3968 603 4016 oi
623 3981 677 4015 was
688 3964 849 4015 consecrated
863 3968 889 4012 at
895 3963 937 4012 the
946 3977 1015 4011 same
1026 3962 1086 4011 time

136 4035 213 4098 Beth,
240 4051 278 4098 or,
299 4039 436 4101 according
457 4043 484 4087 to
505 4038 598 4099 others,
623 4036 686 4085 with
698 4035 740 4084 the
752 4034 899 4097 preceding
