2978 4996
362 414 429 481 312
622 428 755 478 nocant
781 430 827 478 nn
845 428 1053 478 wannovna

205 607 328 650 anua.
367 585 531 651 reddituri
567 586 610 650 de
638 586 811 650 thesauris
840 586 913 648 suis
944 582 1092 666 receptis
1123 583 1255 666 pariter
1284 592 1320 648 et

367 687 542 769 expensis,
561 685 622 749 scd
645 694 681 749 et
703 686 745 748 de
767 685 883 766 sigillo
905 702 980 759 suo,
1003 683 1095 765 quod
1119 683 1210 746 male
1231 690 1322 747 trac-

367 793 538 859 taverant,
570 784 646 866 ipso
674 784 812 865 penitus
842 784 1036 865 ignorante,
1062 782 1254 858 mandavit,
1281 788 1321 844 ut

369 894 453 948 tuuc
481 884 640 947 venirent
668 883 868 964 responsuri
898 888 933 944 et
958 881 1031 965 juri
1056 882 1227 964 parituri;
1259 880 1321 944 sed

367 983 432 1059 illi,
454 981 611 1065 proprias
636 981 869 1045 conscientias
893 979 1059 1043 habentes
1081 986 1263 1062 suspectas
1284 978 1321 1041 iu

370 1081 540 1156 omnibus,
563 1099 608 1143 ex
637 1099 708 1143 una
738 1087 838 1161 parte
867 1098 997 1159 regem,
1027 1098 1072 1142 ex
1101 1078 1213 1141 altera
1239 1096 1322 1142 vero

370 1180 495 1243 fratres
526 1186 562 1241 et
591 1178 719 1241 amicos
748 1178 947 1241 metuebant
980 1177 1190 1254 Marescalli,
1221 1176 1323 1261 cujus

372 1297 490 1341 necem
504 1283 784 1359 procuraverant.
838 1275 940 1339 Unde
960 1275 1003 1340 ad
1025 1295 1144 1358 pacem
1167 1275 1323 1339 ecclesiae

372 1376 609 1456 confugientes
636 1375 817 1457 episcopus
840 1383 875 1438 et
900 1373 1026 1438 Petrus
1048 1374 1091 1438 de
1113 1374 1265 1437 Rivallis
1287 1374 1324 1437 in

373 1474 518 1537 ecclesia
535 1472 725 1536 cathedrali
743 1473 835 1556 apud
850 1473 1064 1538 Wintoniam
1084 1472 1284 1549 latitabant,
1303 1491 1326 1536 a

373 1579 559 1652 conspectu
587 1570 762 1634 hominum
784 1591 860 1635 sese
888 1573 1028 1654 penitus
1055 1571 1321 1648 subtrahentes;

373 1670 569 1751 Stephanus
598 1690 681 1734 vero
704 1670 747 1733 de
772 1671 924 1752 Segrave
951 1671 986 1733 in
1017 1669 1162 1734 ecclesia
1190 1677 1324 1733 sanctae

376 1768 499 1831 Mariae
523 1768 614 1850 apud
639 1769 892 1850 Legecestriam
915 1768 1064 1846 delituit,
1087 1775 1135 1845 et,
1148 1769 1209 1851 qui
1226 1768 1323 1850 prius

374 1887 397 1930 a
418 1866 582 1931 clericatu
606 1867 649 1930 ad
671 1868 829 1931 militiam
851 1868 1018 1948 confugit,
1034 1886 1125 1930 nunc
1147 1875 1323 1931 econtra·

375 1968 426 2029 rio
444 1966 488 2029 ad
502 1967 684 2030 clericatus
695 1965 843 2030 officium
856 1985 1014 2030 reversus
1030 1984 1205 2042 coronam,
1219 1984 1324 2048 quam

376 2065 561 2148 reliquerat
587 2065 782 2129 inconsulto
809 2066 983 2148 episcopo,
1011 2066 1215 2143 renovarit3
1249 2064 1324 2128 Ro·

376 2165 494 2227 bertus
523 2182 659 2244 quoque
683 2163 878 2228 Passelewe
902 2164 945 2227 ad
974 2163 1156 2227 latibulum
1181 2163 1325 2227 divertit

376 2263 546 2342 ignotum,
567 2261 618 2324 ita
642 2263 734 2342 quod
761 2263 858 2325 illum
882 2263 1030 2327 Romam
1059 2263 1199 2345 petiisse
1224 2261 1325 2326 multi

376 2359 648 2438 contendebant3
674 2379 736 2423 nec
758 2362 862 2425 etiam
885 2362 927 2425 ad
952 2362 1151 2425 mandatum
1170 2362 1263 2442 regis
1284 2360 1325 2422 li.

378 2458 472 2520 mina
494 2458 648 2521 ecclesia·
670 2460 747 2522 ausi
774 2469 856 2524 sunt
881 2460 1010 2543 egredi,
1036 2461 1116 2524 iude
1142 2479 1326 2541 argumeuv

379 2563 450 2618 tum
476 2557 681 2638 suspicionis
706 2557 894 2635 trahentes,
920 2558 1011 2641 quod
1038 2558 1167 2622 inimici
1192 2577 1325 2635 eorum,

378 2654 438 2736 qui
460 2654 562 2718 villas
584 2675 665 2719 suas
691 2665 727 2720 et
745 2657 891 2721 aedilicia
914 2677 991 2722 cum
1013 2657 1145 2721 horreis
1166 2657 1323 2739 frugibus

377 2753 488 2835 plenis
515 2761 551 2817 et
580 2762 706 2817 caetera
733 2774 880 2838 quaeque
907 2757 974 2819 sibi
996 2756 1165 2820 damnosa
1185 2775 1325 2820 concre-

377 2860 568 2928 maverant,
591 2872 659 2916 non
682 2861 861 2935 parcerent
881 2855 1079 2937 corporibus
1098 2855 1181 2932 suis,
1208 2856 1240 2918 si
1266 2874 1326 2918 no·

376 2951 476 3013 cendi
494 2953 788 3033 opportunitatem
804 2952 979 3017 haberent.

430 3122 520 3197 Quod
535 3145 588 3187 ree
602 3125 698 3209 acepit
712 3125 912 3190 ratiocinium
926 3100 1053 3191 aPetro
1067 3126 1105 3191 de
1119 3126 1270 3192 Rivalle'a.

438 3244 594 3308 Tandem
618 3247 853 3325 Eadmundus,
876 3249 1137 3314 cantuariensis
1159 3251 1328 3334 archiepi-

245 3367 271 3406 ρο
379 3362 516 3423 scopus
547 3347 607 3426 qui
630 3347 726 3428 pacis
755 3347 922 3412 mediator
947 3357 1023 3412 erat
1050 3349 1154 3433 hujus
1181 3349 1327 3425 dissidii,

243 3466 277 3493 n·
378 3441 577 3522 impetravit
598 3464 620 3506 a
642 3465 734 3527 rege,
757 3454 796 3510 ut
818 3449 883 3510 sub
905 3446 1004 3511 salvo
1023 3447 1197 3512 conductu
1218 3449 1328 3531 ipsius

379 3549 415 3603 et
439 3542 676 3624 episcoporum
705 3552 847 3626 possent
870 3546 914 3608 ad
935 3545 1026 3608 diem
1050 3554 1182 3611 certum
1211 3565 1327 3611 coram

379 3640 438 3702 illo
466 3641 580 3704 venire
612 3643 809 3723 responsuri
836 3663 941 3726 super
967 3646 1208 3709 exactionibus
1239 3665 1329 3728 prae·

380 3739 492 3814 dictis,
527 3747 564 3802 ut
596 3740 707 3802 omnis
734 3742 769 3804 in
797 3762 904 3823 regno
936 3743 1160 3807 dissensionis
1191 3745 1329 3809 occasio

380 3838 562 3918 sopiretur.
615 3837 746 3902 Statuit
772 3840 878 3921 igitur
905 3841 973 3905 illis
1000 3842 1089 3904 diem
1122 3862 1184 3906 rex
1217 3842 1329 3925 pridie

380 3934 457 3997 idus
488 3935 509 3998 J
515 3937 574 3999 ulii
606 3937 695 4017 apud
718 3937 1075 4016 westmonasterium,
1108 3950 1147 4005 ut
1180 3944 1331 4006 breviter

380 4033 525 4110 dicatur,
544 4036 601 4097 ubi
624 4037 689 4098 sub
711 4038 924 4118 protectione
939 4039 1188 4122 archiepiscopi
1205 4049 1241 4104 et
1258 4041 1330 4124 epi·

379 4152 558 4212 scoporunr
592 4134 634 4196 ad
668 4137 757 4215 rogis
790 4139 1007 4218 praesentiam
1037 4147 1117 4202 strat
1146 4140 1329 4221 perducti3
