2978 4996
403 467 541 516 neonus
565 467 833 519 nrsronrnnun.
1027 457 1094 523 275

142 624 302 689 manibus
331 625 566 709 bajulantem3
598 645 699 709 quem
733 626 896 691 atrociter
926 630 1227 711 arripien-n.n.nu.

143 729 195 787 tes
225 732 262 788 et
290 725 438 788 fustibus
460 725 590 808 pariter
611 745 653 789 ac
680 727 805 808 pugnis
828 726 932 809 impie
959 728 1093 793 caeden-

143 829 197 886 tes
221 830 257 886 et
278 824 457 906 pellentes,
485 843 563 888 cum
590 824 725 888 duobus
751 825 992 890 liberatoribus
1020 829 1093 891 suis

143 919 241 984 illum
269 922 313 985 ad
340 923 520 987 castellum
549 922 719 987 reducunt
749 932 785 988 et
812 924 964 1005 graviori
989 944 1091 1007 quarn

145 1021 242 1100 prius
264 1021 431 1085 custodiae
453 1022 683 1086 committunt.
735 1022 803 1087 Sed
826 1042 882 1087 res
899 1031 999 1104 gesta
1015 1044 1092 1087 cum

145 1117 190 1180 ad
217 1137 320 1183 aures
346 1120 504 1197 Roberti,
529 1120 791 1184 Saresbiriensis
822 1123 987 1205 episcopi,
1014 1142 1093 1205 per·

146 1217 310 1295 venisset,
327 1218 423 1282 venit
443 1219 599 1283 celeriter
616 1220 659 1282 ad
676 1220 869 1298 castellum,
890 1222 1095 1303 praecipiens

146 1312 231 1397 ipsis
250 1317 405 1381 ecelesiae
429 1318 664 1393 violatoribus,
684 1326 724 1382 ut
745 1317 940 1383 Hubertum
965 1321 1009 1382 ad
1032 1340 1094 1402 pa·

146 1432 221 1477 cem
241 1415 395 1480 eeclesiae
417 1419 623 1499 quantocius
645 1416 822 1481 reductum
845 1419 963 1481 inille
986 1427 1094 1496 statu,

148 1530 219 1593 quo
256 1513 351 1577 illurn
385 1515 600 1591 invenerant,
632 1515 845 1579 dimitterent
875 1517 1093 1596 absolutum

148 1611 210 1675 sed
233 1613 414 1677 castellani
433 1614 646 1678 tumultuose
664 1615 750 1678 satis
772 1604 934 1697 episcopo
953 1635 1095 1697 respon-

148 1707 269 1774 dentes
296 1711 472 1789 dixerunt,
498 1731 537 1776 se
563 1713 666 1776 malle
694 1713 787 1794 quod
815 1714 995 1777 Hubertus
1018 1734 1096 1777 sus-

147 1809 366 1889 penderetur,
390 1830 495 1892 quam
518 1812 609 1893 ipsi3
640 1818 687 1887 et,
709 1829 788 1874 cum
812 1811 908 1873 illum
932 1812 1095 1875 reducere

147 1907 352 1985 noluissent,
372 1910 555 1992 episcopus
578 1910 621 1973 de
642 1909 824 1972 commissa
841 1910 906 1971 sibi
923 1916 1096 1990 potestate

149 2024 270 2070 omnes
285 2008 486 2072 nominatim
499 2008 822 2082 excommunicavit,
832 2009 891 2088 qui
904 2008 1001 2070 illum
1011 2007 1097 2070 deti-

150 2106 279 2170 nebant
292 2107 398 2188 etqui
417 2107 453 2169 in
471 2127 549 2171 eum
568 2126 690 2170 manus
710 2106 901 2190 injecerant
915 2106 1095 2169 violentas.

149 2201 252 2267 Tunc
266 2205 448 2286 episcopus
464 2205 534 2281 ille,
549 2206 734 2288 conjuncto
750 2206 815 2269 sibi
834 2206 986 2286 Regem,
1003 2204 1095 2268 Lon·

150 2300 285 2365 dinensi
316 2304 491 2385 episcopo,
516 2312 553 2368 et
579 2304 784 2385 quibusdam
815 2305 892 2367 aliis
914 2304 1097 2386 episcopis,

151 2399 246 2465 venit
276 2401 320 2464 ad
351 2421 466 2481 regern
500 2422 605 2484 super
641 2403 786 2485 injuria
807 2402 967 2467 Huberto
997 2403 1097 2467 illata

150 2517 266 2562 coram
291 2519 333 2564 eo
360 2501 536 2582 querelam
565 2501 752 2582 deponens,
774 2522 837 2565 nec
862 2503 956 2583 prius
984 2503 1028 2564 ab
1055 2522 1096 2564 eo

150 2597 294 2662 recessit
315 2618 418 2680 quam
441 2598 591 2663 Huberti
614 2598 850 2664 liberationem
872 2601 1093 2681 impetravit;

149 2703 185 2760 et
199 2697 250 2760 sic
266 2697 303 2759 in
318 2697 475 2773 ecclesia,
490 2699 599 2762 invito
615 2717 708 2779 rege,
720 2700 883 2762 remissus
895 2706 949 2761 est
964 2697 1096 2761 decimo

148 2795 271 2877 quinto
282 2793 450 2860 kalendas
469 2796 688 2860 Novembris.
730 2796 796 2861 Sed
809 2817 869 2860 rex
882 2798 990 2859 iratus
1005 2797 1097 2858 vice-

150 2894 268 2957 comiti
284 2895 470 2976 provincisc
492 2895 586 2958 illius
608 2894 703 2959 dedit
720 2914 781 2978 per
803 2895 920 2958 literas
943 2895 978 2957 in
1001 2912 1097 2956 man-

149 2991 254 3070 datis,
275 3001 316 3056 ut
329 2994 507 3057 ecclesiam
528 2993 712 3070 obsideret,
737 2994 847 3058 donec
866 2995 1047 3059 Hubertus
1060 2994 1096 3056 in

149 3109 192 3155 ea
207 3111 252 3155 ex
268 3092 423 3156 ciborum
435 3093 551 3156 inedia
568 3093 762 3157 moriretur.

254 3263 345 3337 Quod
356 3263 565 3329 Morescallas
579 3263 736 3329 causitum
752 3266 841 3350 cepit,
859 3264 940 3349 quod
953 3264 1018 3349 rapi

140 3366 144 3373 '
529 3363 716 3427 tradiderat.

212 3485 283 3550 Per
311 3485 402 3550 idem
426 3495 574 3569 tempus,
604 3487 732 3569 elapsis
760 3485 953 3568 quindecim
977 3485 1097 3548 diebus
1113 3501 1259 3542 summan

148 3592 334 3667 postquam
358 3606 472 3650 comes
496 3586 726 3650 Marescallus
746 3586 819 3665 regi
842 3583 1022 3647 castellum
1042 3562 1261 3661 su-,liiiildlff

151 3702 207 3747 um
225 3684 427 3762 tradiderat,
448 3692 490 3749 ut
512 3685 714 3768 praedictum
737 3690 801 3759 est,
826 3690 867 3745 ut
888 3683 954 3745 sibi
976 3681 1096 3744 redde-

151 3790 203 3847 ret
230 3785 411 3866 repetenti,
439 3785 534 3848 misit
559 3784 602 3848 ad
631 3803 758 3864 regem,
778 3781 923 3846 termino
946 3779 1097 3856 evoluto,

150 3901 291 3964 rogans,
309 3892 349 3948 ut
364 3884 471 3967 juxta
489 3891 629 3967 pactum
648 3882 846 3946 restitueret
862 3880 927 3943 sibi
945 3886 1096 3942 castrum

151 3999 264 4059 suum,
294 3983 337 4046 de
368 4003 437 4065 quo
463 3982 683 4066 fidejussores
711 3979 939 4044 constituerat
965 3978 1098 4059 episco-

150 4098 233 4161 pum
255 4080 533 4146 wintoniensem
561 4090 597 4146 et
623 4080 836 4162 Stephanum
864 4078 905 4142 de
934 4078 1099 4159 Segrave,

151 4181 211 4261 qui
227 4189 310 4245 tunc
327 4182 421 4246 vices
440 4180 625 4265 justiciarii
651 4180 792 4262 gerebat
812 4181 876 4243 sub
897 4197 989 4258 rege,
1008 4177 1099 4258 quod

953 4292 996 4338 ra
