2978 4996
362 426 428 491 290
610 441 744 490 uocum
769 442 816 488 uu
839 440 1050 489 wunnerus

204 628 325 668 nanu
365 623 407 667 co
430 603 668 685 compulerunt
694 603 728 665 in
754 601 885 682 fugam,
908 611 943 664 et
966 600 1139 680 fugientes
1165 599 1311 662 insecuti

366 703 575 765 interficiunt
597 710 697 781 terga
719 707 904 775 vertentes,
929 700 980 763 ita
1002 699 1107 781 quod,
1132 700 1312 762 innumera

368 822 412 864 ex
436 803 486 864 eis
510 799 729 863 multitudine
757 807 935 881 perempta
955 806 1026 860 tam
1053 798 1312 861 Pictaveusium

371 902 491 982 [quam
518 897 693 978 aliorum],
719 898 795 979 ipse
825 896 1005 961 Jobanucs
1029 897 1088 960 vix
1113 896 1314 978 perfugam

370 1001 503 1076 evasit3
530 1006 566 1061 et
581 996 803 1079 progrediens
825 1015 902 1059 cum
926 997 998 1059 suis
1018 996 1213 1076 legionibus
1238 996 1316 1059 Ma-

371 1098 535 1161 rescallus
566 1097 667 1159 villas
696 1095 772 1179 ejus
802 1103 837 1157 et
860 1094 1018 1170 aedificia,
1048 1113 1127 1157 cum
1156 1095 1315 1157 omnibus

371 1216 449 1278 qum
480 1196 589 1278 ipsius
618 1204 729 1269 eraut,
755 1193 846 1257 ferro
874 1193 1071 1257 devastavit
1100 1202 1137 1256 ct
1167 1193 1316 1268 flamma,

372 1305 476 1377 atque
498 1314 542 1357 ex
566 1294 673 1357 divite
692 1294 775 1357 fecit
792 1312 980 1374 pauperem
1002 1300 1037 1355 et
1056 1290 1264 1367 mendicum,
1286 1299 1319 1354 et

372 1395 422 1456 sic
439 1413 517 1456 cum
534 1393 653 1474 spoliis
669 1392 954 1473 impretiabilibus
971 1399 1007 1455 et
1022 1392 1188 1453 armentis
1206 1391 1243 1454 in
1257 1409 1319 1453 sua

372 1511 448 1555 sese
471 1491 698 1554 Marescallus
719 1492 860 1572 recepit.

392 1661 482 1735 Quod
494 1660 612 1725 oculati
628 1659 802 1726 seditionem
816 1670 974 1725 mouerunt
987 1669 1094 1724 contra
1109 1661 1305 1725 consiliarios

801 1760 891 1845 repis.

214 1909 338 1999 oportun
428 1887 471 1950 ln
483 1888 568 1969 ipsis
582 1893 751 1969 praetcrea
766 1884 887 1949 diebus
899 1881 1079 1947 Natalitiis
1093 1882 1223 1946 bellum
1240 1902 1321 1947 con·

215 1960 340 2049 billi.
376 1995 432 2050 tra
455 2007 568 2067 regem
591 1995 627 2053 et
647 2005 729 2048 suos
750 1984 965 2049 consiliarios
987 1983 1141 2063 graviter
1163 1982 1321 2045 accendi-

218 2060 364 2158 }‘iiiinmat
379 2094 446 2161 tur,
472 2106 551 2149 nam
576 2085 772 2148 Richardus
796 2083 934 2158 Sinard,
950 2081 1145 2164 conjunctis
1170 2081 1238 2144 sibi
1254 2100 1321 2144 cae-

379 2186 462 2248 teris
485 2183 648 2257 exulatis,
668 2177 793 2246 ¹terras
811 2180 977 2245 Richardi
994 2180 1129 2243 comitis
1151 2188 1188 2243 ct
1205 2180 1322 2243 fratris

378 2284 482 2363 regis,
506 2301 572 2344 non
597 2281 699 2362 longe
721 2301 742 2344 a
760 2281 923 2345 Brehulle
944 2279 1043 2354 sitas,
1065 2298 1143 2342 cum
1167 2278 1322 2343 aedificiis

379 2387 414 2441 et
432 2380 588 2458 frugibus
605 2398 646 2442 ac
662 2381 773 2444 bobus
789 2381 825 2443 in
841 2378 987 2442 stabulis
1003 2379 1189 2454 stantibus
1205 2378 1322 2441 incen-

378 2478 435 2541 dio
458 2487 743 2556 concremaruut;
776 2478 940 2558 Segrave,
964 2476 1079 2540 natale
1109 2477 1222 2540 solum
1248 2476 1325 2540 Ste-

378 2577 496 2657 phani,
521 2574 658 2657 Anglise
679 2577 878 2660 justiciarii,
899 2595 962 2657 per
978 2575 1068 2637 idem
1084 2582 1222 2657 tempus
1244 2594 1322 2638 curu

379 2675 536 2738 domibus
556 2675 657 2738 valde
683 2676 906 2757 sumptuosis,
928 2680 964 2737 et
985 2674 1095 2737 bobus
1121 2681 1230 2754 atque
1255 2673 1326 2736 fru-

379 2775 492 2854 gibus,
509 2775 782 2849 combusserunt,
799 2792 906 2855 equos
924 2773 1091 2854 pretiosos
1110 2772 1228 2853 plures
1246 2791 1323 2835 curn

379 2873 498 2954 spoliis
529 2880 564 2935 et
586 2873 687 2935 rebus
717 2872 793 2934 aliis
830 2870 910 2934 inde
943 2870 1140 2934 recedentes
1171 2871 1324 2934 abduxe

379 2978 483 3047 runt;
524 2970 643 3033 villam
673 2989 810 3053 quoquc
843 2970 1017 3052 quandam
1046 2970 1200 3051 episcopi
1224 2969 1324 3033 Win-

380 3069 559 3144 toniensis,
577 3088 645 3131 non
672 3068 776 3149 lunge
798 3070 841 3132 ab
864 3069 983 3132 eadem
1000 3068 1085 3131 villa
1105 3067 1221 3144 sitam,
1244 3068 1325 3149 igne

379 3174 666 3247 consumpserunt
691 3174 726 3231 et
743 3167 855 3249 spolia
875 3167 1103 3248 diripuerunt,
1119 3186 1198 3231 cum
1221 3174 1325 3231 caete-

380 3264 427 3326 ris
441 3265 543 3327 rebus
557 3266 717 3329 inventis.
764 3264 869 3329 Hanc
887 3274 1001 3329 autem
1018 3264 1227 3330 laudabilem
1243 3285 1328 3330 cou-

379 3362 571 3425 stituebaut
586 3364 740 3445 regulam
758 3365 952 3445 generalem
974 3365 1064 3428 iuter
1085 3383 1123 3427 se
1140 3365 1327 3430 bellatores

378 3460 448 3536 isti,
477 3460 569 3542 quod
604 3463 730 3525 nemini
761 3464 947 3545 quicquam
978 3462 1060 3526 mali
1089 3462 1246 3527 fecerunt
1270 3464 1327 3529 vel

379 3558 529 3641 aliquem
560 3560 736 3636 laeserunt,
765 3569 892 3641 praeter
919 3562 1057 3642 iniquos
1087 3562 1181 3642 regis
1212 3564 1329 3627 consi-

415 3756 422 3785 ¹
436 3757 523 3805 Tenus
535 3756 678 3820 illelmi]
701 3757 838 3806 ‘Muneris
863 3759 959 3807 sabone
972 3771 1020 3805 sua
1036 3759 1193 3820 asserebant,
1203 3759 1261 3810 haec
1277 3777 1330 3812 ne-

378 3830 404 3874 et
415 3827 499 3873 averia
516 3826 619 3874 Ricardi
631 3826 729 3874 comitis
740 3825 837 3875 Cornu·
862 3828 911 3875 rito
922 3841 949 3876 se
958 3825 1059 3886 fecisse,
1067 3826 1129 3888 quia
1136 3834 1184 3889 per
1192 3831 1330 3890 pradictu-

377 3895 427 3942 biae
447 3900 472 3942 et
489 3895 601 3955 episcopi
616 3895 795 3944 wintoniensis
812 3901 838 3944 et
863 3910 918 3945 rum
946 3895 1053 3944 consilis
1076 3910 1163 3944 eorum
1185 3902 1331 3952 tenemeutn

379 3964 411 4011 P.
419 3962 452 4011 de
463 3963 586 4025 oriende,
597 3969 623 4012 et
635 3964 662 4013 S.
673 3965 706 4012 dc
717 3965 837 4026 Sagrave,
863 3967 934 4026 prius
950 3964 1045 4014 luerint
1060 3965 1187 4028 dissipata
1196 3964 1216 4028 3‘
1234 3969 1331 4023 chron,

377 4032 440 4080 etR.
449 4032 636 4093 Passelewe‚et
645 4033 751 4081 aliorum
760 4050 836 4082 aemu·
863 4035 958 4083 Duust.
970 4050 995 4095 p.
1008 4037 1065 4083 220.

376 4100 457 4148 lorum
478 4116 600 4160 suorum3
626 4104 670 4161 qui
693 4117 738 4164 pro
760 4118 837 4152 excu-
