2978 4996
366 428 504 478 rnoans
531 428 801 478 nrsronrnnuu.
993 414 1059 479 129

101 587 281 668 indignum
304 584 503 669 judicantes
526 586 568 649 de
593 587 766 650 communi
796 607 966 652 consensu
989 587 1054 651 sra-
1067 599 1191 640 A·1>·¹²²⁶·

102 693 194 749 trum
220 685 399 767 elegerunt
425 686 629 766 magistrum
651 686 866 750 Willelmum
892 688 1053 751 clericum

101 803 215 861 suum,
243 785 355 848 virum
391 781 567 847 literatum
599 792 635 847 et
658 785 852 863 honestum,
874 786 1053 866 Wigorni·

101 902 218 947 ensem
244 882 535 959 archidiaconum,
564 890 598 946 et
622 884 736 966 ipsum
763 886 836 966 rogi
865 893 1055 966 praesenta-

102 990 250 1062 verunt3
281 1001 384 1064 quem
404 1001 481 1045 cum
503 1000 579 1057 rex,
604 982 750 1065 objectis
770 983 977 1065 quibusdam
994 984 1054 1046 fri-

103 1083 193 1144 volis
219 1081 494 1163 exceptionibus,
521 1089 727 1157 recusasset,
759 1082 919 1145 monachi
950 1102 1054 1164 quos-

103 1179 182 1244 dam
200 1180 243 1244 de
259 1187 432 1244 conventu
450 1178 598 1243 Romam
617 1180 785 1243 miseruut
798 1189 838 1245 ut
850 1181 1053 1245 electionem

102 1278 231 1343 factam
263 1278 472 1343 auctoritate
506 1280 630 1342 summi
664 1279 837 1361 pontificis
871 1280 1054 1344 confirma-

103 1386 192 1443 rent.
238 1377 318 1441 Rex
342 1384 570 1453 autemeam
594 1377 680 1441 talia
701 1379 934 1459 cognovisset,
958 1380 1053 1444 misit

104 1476 253 1540 Romam
286 1483 407 1540 contra
439 1476 627 1540 monachos
661 1477 860 1559 episcopum
891 1478 1052 1542 Castren-

102 1595 174 1640 sem
202 1585 238 1641 at
263 1574 443 1639 Lentoniae
473 1576 634 1657 priorem,
655 1584 695 1640 ut
720 1577 905 1640 eorundem
931 1596 1052 1641 mona-

103 1675 245 1739 chorum
271 1674 486 1756 propositum
512 1674 712 1751 irritaraut3
744 1682 791 1751 at,
817 1676 868 1739 sic
897 1675 957 1739 diu
983 1677 1052 1740 illis

101 1774 364 1850 altercantibus,
379 1773 555 1854 negotium
573 1773 772 1836 dilationem
789 1774 932 1856 accepit.

147 1948 297 2026 Quomodo
314 1947 507 2025 Lodowicnr,
524 1968 578 2011 rau
593 1946 805 2021 Francorum,
823 1946 1009 2009 Aninionem

510 2044 633 2111 nodia

152 2167 261 2233 Venit
276 2171 409 2234 interea
431 2169 624 2234 Dominicae
647 2170 721 2234 dies
748 2171 974 2247 ascensionis,
993 2171 1052 2253 qui
1065 2182 1163 2281 mg

102 2266 218 2332 suerat
243 2288 265 2332 a
291 2266 372 2351 rege
405 2269 619 2332 Francorum
648 2275 684 2333 et
707 2268 825 2352 legato
857 2269 1052 2351 Galligenis
1166 2259 1170 2269 ’

102 2368 367 2450 crucesignatis
383 2369 611 2450 peremptorie
628 2369 851 2434 constitutus.
893 2369 973 2434 Rex
989 2388 1052 2433 au·

101 2472 185 2543 tem,
198 2466 241 2530 ad
254 2467 509 2549 expeditionem
524 2468 727 2531 necessariis
738 2468 831 2551 apud
843 2469 1051 2551 Lugdunum

101 2565 168 2627 rite
199 2566 417 2648 praeparatis,
446 2585 524 2629 cum
551 2566 707 2629 exercitu
732 2567 833 2648 quasi
863 2568 1052 2631 invincibili

100 2662 168 2726 iter
189 2665 347 2746 arripuit,
365 2672 530 2747 sequente
546 2665 663 2746 legato
678 2684 755 2728 cum
773 2665 1052 2748 archiepiscopis,

103 2762 276 2845 episcopis
293 2772 329 2827 et
345 2764 423 2827 aliis
446 2763 668 2827 ecclesiarum
691 2764 865 2844 praelatis3
890 2764 1051 2826 aestimati

100 2869 184 2926 sunt
203 2870 320 2927 autem
340 2863 376 2926 iu
399 2865 554 2926 exercitu
576 2862 723 2925 militum
746 2870 782 2925 et
804 2862 958 2943 equitum
980 2862 1052 2924 bel-

101 2959 253 3024 latorum
277 2961 320 3025 ad
340 2961 594 3044 quinquaginta
618 2959 738 3037 millia,
759 2967 887 3042 praeter
907 2961 1052 3042 pedites,

102 3059 161 3140 qui
186 3060 286 3141 quasi
312 3061 377 3124 sub
402 3079 545 3123 numero
570 3079 640 3123 non
662 3059 843 3124 cadebant.
897 3059 1052 3140 Legatus

103 3165 220 3222 autem
246 3158 560 3223 excommunicavit
583 3159 720 3241 publice
744 3160 901 3223 comitem
925 3158 1051 3223 Tholo

103 3275 227 3319 sanum
255 3265 291 3321 et
315 3278 434 3322 omnes
464 3259 540 3341 ejus
564 3257 729 3334 fautores,
752 3268 788 3323 et
810 3266 936 3322 terram
959 3258 1051 3322 illius

103 3362 214 3418 totam
245 3357 429 3439 supposuit
459 3357 653 3420 interdicto.
720 3357 903 3422 Profectus
932 3358 1051 3440 itaque

102 3473 165 3517 rex
198 3454 405 3520 micantibus
437 3456 567 3539 clypeis
598 3463 633 3519 et
659 3456 811 3533 vexillis,
842 3457 941 3540 cujus
974 3476 1053 3537 pro-

101 3572 244 3634 gressus
267 3555 353 3619 adeo
382 3563 458 3619 erat
479 3554 665 3631 horribilis,
685 3562 724 3618 ut
742 3561 935 3619 castrorum
959 3555 1051 3616 acies

103 3650 265 3716 ordinata
294 3650 346 3737 [in
375 3654 590 3736 provinciam
617 3655 775 3735 pervenit
803 3653 938 3716 comitis
959 3651 1052 3714 Tho·

102 3750 243 3832 lasani]
296 3745 470 3817 ¹Tandem
492 3754 529 3816 iu
546 3753 668 3834 vigilia
686 3752 912 3815 Pentecostes
934 3770 1052 3813 omnes

100 3992 102 3997 ·
139 3953 288 4026 ffatim]
307 3960 355 4009 See
366 3959 409 4008 tho
420 3964 529 4009 account
539 3959 568 4008 oi
592 3973 634 4007 we
651 3958 706 4006 also
716 3971 733 4005 a
743 3957 817 4005 letter
827 3955 891 4004 lrom
902 3956 945 4006 the
962 3958 1054 4006 barons

101 4027 153 4079 ua
164 4029 234 4090 siege
244 4029 483 4091 byanauonymous
494 4028 566 4078 cliro-
592 4029 617 4076 in
634 4026 677 4075 the
695 4026 793 4076 Frencb
814 4040 885 4088 army
902 4031 928 4075 to
943 4027 986 4077 the
1004 4042 1056 4077 ern·

102 4097 183 4147 nicler
193 4097 273 4146 nithe
284 4099 355 4160 reign
365 4098 395 4148 oi
403 4098 481 4147 louis
490 4098 567 4148 VIII.
593 4111 666 4159 peror
677 4095 811 4157 Frederic5
828 4095 889 4147 ibid.
902 4112 929 4161 p.
942 4101 999 4146 ³4⁴.

103 4167 167 4217 Rae.
179 4167 226 4216 des
240 4167 309 4218 Hist.
320 4173 381 4218 torn.
392 4169 455 4219 xvii.
466 4183 493 4229 p.
506 4171 568 4217 δῦθι

155 4257 235 4304 VOL.
255 4258 304 4305 lv.
883 4258 906 4305 K
