2978 4996
470 429 610 478 eronus
635 430 907 480 urs'ronmnuu.
1100 420 1162 484 121

231 661 323 735 Quod
336 661 451 747 Zapatas
465 685 486 726 a
495 662 642 748 prolatis
657 664 752 747 erepit
768 663 849 727 ditas
856 663 1038 748 praebendoe
1054 666 1129 730 dori

528 762 657 827 eoeleste
674 764 832 827 Ilonranae.

260 886 330 949 His
347 884 487 962 auditis,
512 905 599 954 cum,
614 887 781 949 niteretur
805 885 942 967 legatus
959 887 1165 968 persuadere
1178 912 1232 952 un.
1244 914 1300 952 nze.

210 991 249 1047 ut
271 1004 389 1048 omnes
413 986 658 1061 consentirent,
685 985 837 1048 ostendit
859 993 942 1048 tunc
967 987 1079 1067 primo
1105 964 1253 1052 ‹lo-illa
1269 1017 1328 1053 mo

211 1084 294 1147 mini
311 1103 414 1167 papae
434 1084 685 1160 authenticum,
708 1084 743 1146 in
762 1104 831 1165 quo
849 1085 968 1165 exegit
984 1104 1005 1147 a
1019 1086 1165 1166 singulis
1176 1064 1280 1151 iifflii'

210 1183 366 1246 ecclesiis
388 1183 645 1247 cathedralibus
668 1182 755 1247 duas
777 1183 992 1264 praebendae,
1016 1204 1119 1247 unam
1144 1161 1292 1248 a·“‘¹¹“¹¹⁸¹'

210 1283 365 1364 capitulo
388 1289 423 1346 et
440 1281 587 1345 alteram
610 1283 654 1345 ab
678 1283 866 1365 episcopo;
891 1291 926 1346 et
943 1284 979 1345 in
996 1285 1163 1347 coenobiis

211 1381 381 1456 similiter,
399 1382 457 1444 ubi
475 1390 557 1444 sunt
574 1381 720 1445 diversae
737 1382 925 1465 portioneS,
944 1383 1079 1446 abbatis
1099 1384 1165 1446 sci·

210 1479 292 1543 licet
318 1488 353 1543 et
374 1490 578 1557 conventus,
604 1480 691 1543 duas
714 1481 834 1561 exegit
856 1481 1032 1558 ecclesiae,
1060 1501 1164 1545 unam

210 1579 254 1643 ab
272 1580 397 1642 abbate
415 1586 450 1643 et
465 1579 570 1643 aliam
587 1599 609 1642 a
626 1588 798 1643 conventu
812 1601 820 1658 ;
845 1580 971 1662 aequali
988 1581 1082 1645 facta
1096 1583 1166 1645 dis·

212 1679 399 1743 tributione
422 1680 588 1742 bonorum
606 1698 760 1754 suorum,
777 1698 799 1741 a
816 1681 1043 1744 conventibus
1058 1700 1166 1763 quan·

212 1786 286 1841 tum
309 1778 459 1859 pertinet
478 1778 522 1841 ad
541 1797 648 1841 unum
665 1777 883 1854 monachum,
906 1778 996 1842 sicut
1021 1781 1095 1861 ipse
1113 1781 1165 1842 in·

213 1884 423 1958 terpretatus
445 1876 558 1940 fuerat
581 1878 731 1958 legatus,
750 1884 787 1939 et
809 1878 853 1939 ab
875 1878 1000 1941 abbate
1024 1887 1165 1942 tantun·

212 1976 301 2039 dem.
346 1976 447 2040 Tunc
462 1976 628 2058 allegavit
643 1975 823 2039 commoda
837 1994 915 2058 quae
932 1985 1073 2056 possent
1086 1977 1166 2040 inde

212 2076 406 2156 provenire,
424 2075 509 2138 illud
523 2075 696 2152 videlicet,
714 2074 806 2157 quod
825 2083 1044 2138 amoveretur
1064 2095 1165 2138 soan-

213 2174 330 2238 dalum
348 2194 369 2237 a
380 2174 540 2238 Romana
555 2174 712 2250 eeclesia,
725 2193 804 2255 quae
820 2183 932 2237 mater
947 2181 1000 2237 est
1013 2174 1165 2238 omnium

212 2274 446 2350 eeclesiarum,
468 2274 747 2356 concupiscentia
769 2273 913 2350 scilicet,
929 2273 1041 2357 [quae]
1061 2274 1161 2338 radix

210 2380 265 2435 est
280 2374 431 2436 omnium
449 2372 630 2449 malorum,
652 2392 731 2434 cum
754 2372 868 2436 nullus
887 2393 949 2455 pro
970 2374 1086 2456 aliquo
1103 2394 1162 2437 ne-

213 2472 309 2552 gotio
336 2472 371 2534 iu
394 2473 491 2536 curia
509 2470 671 2535 Romana
692 2471 849 2535 faciendo
864 2472 1003 2554 ,aliquid
1026 2472 1164 2537 offerret

211 2570 268 2635 vel
283 2570 409 2654 aliquis
425 2572 544 2635 oblata
561 2571 738 2653 reciperet.

224 2739 406 2826 Objectiorws
414 2751 657 2827 procuratorum
674 2752 780 2807 centra
796 2744 965 2808 exactiorem
973 2743 1156 2828 predictae.

215 2914 221 2920 .
263 2864 320 2929 Aa
333 2865 397 2929 boc
410 2865 587 2955 respondit
597 2873 801 2949 procurator
811 2865 1059 2947 archiepiscopi
1071 2865 1163 2947 Lug·
1176 2879 1299 2968 pblffing

210 2966 387 3041 dunensis,
400 2970 410 2998 ‘
427 2965 588 3041 Domine,
598 2965 693 3029 nullo
711 2964 813 3029 modo
827 2966 985 3029 volumus
1002 2985 1077 3028 esse
1089 2967 1164 3028 sine
1177 2940 1214 3018 zi'i
1226 2940 1326 3029 immin·

211 3064 333 3128 amicis
349 3065 385 3126 in
403 3065 500 3128 curia
517 3074 552 3128 et
568 3065 732 3147 largitate
749 3061 938 3129 donorum!
977 3064 1049 3129 Alii
1065 3085 1164 3148 aeque

211 3171 454 3246 procuratores
476 3183 541 3227 sua
566 3165 783 3229 incommoda
805 3166 1015 3246 allegabant,
1039 3164 1166 3231 damna

211 3263 345 3327 scilicet
362 3283 488 3340 rerum,
507 3263 740 3340 consiliorum,
761 3265 982 3341 auxiliorum,
1003 3265 1163 3349 obsequi·

211 3382 324 3437 orum,
345 3363 382 3425 in
404 3362 496 3426 bunc
519 3361 680 3442 modum;
708 3363 807 3427 ‘Erit
829 3364 919 3426 enim
947 3365 982 3428 in
1010 3366 1165 3447 qualibet

212 3461 366 3537 dioecesi,
378 3461 433 3524 vel
448 3462 492 3525 ad
510 3463 623 3525 minus
644 3463 681 3525 in
704 3463 893 3545 provincia,
916 3465 1058 3527 nuntius
1075 3484 1164 3526 unus

213 3560 412 3636 continuus,
427 3569 630 3642 procurator
644 3561 837 3639 Romanus,
855 3563 914 3642 qui
932 3583 1000 3626 non
1013 3564 1107 3625 vivet
1122 3563 1165 3625 de

211 3659 365 3742 proprio,
386 3661 447 3723 sed
475 3680 601 3742 graves
627 3661 827 3724 exactiones
850 3669 884 3723 et
904 3661 1164 3742 procurationes

212 3760 332 3840 exiget
350 3760 394 3822 ab
412 3760 566 3823 ecclesiis
589 3759 775 3842 majoribus
797 3767 833 3824 et
853 3760 941 3822 sorte
963 3759 1163 3834 minoribus,

212 3866 252 3921 ut
282 3858 398 3922 nullus
424 3866 602 3922 remaneat
627 3858 829 3940 impunitus,
860 3877 1052 3939 nomenque
1083 3877 1163 3938 pro-

209 3959 381 4021 curatoris
404 3957 533 4021 habens
560 3957 669 4039 legati
694 3956 806 4021 officio
830 3956 1014 4037 fungetur!
1075 3956 1164 4019 Item

211 4057 388 4133 dixerunt,
399 4057 578 4120 imminere
594 4057 808 4121 turbationes
823 4056 1065 4138 capitulorum,
1077 4055 1164 4119 forte

211 4155 301 4221 enim
325 4155 550 4223 demandaret
573 4178 677 4241 papa,
702 4177 780 4220 cum
809 4156 924 4232 vellet,
951 4157 1171 4239 procuratori
