2978 4996
483 418 623 467 ruonus
647 419 914 467 ursronrnnuu.
1108 402 1172 469 113

230 652 280 715 De
292 651 429 736 qnondam
445 651 721 736 iuclusu,qnaeper
735 651 923 735 septennium
937 673 996 716 non
1012 652 1150 715 comit.

281 775 412 838 Eodem
443 794 546 852 anno,
579 776 615 837 in
658 776 742 838 urbe
775 773 1049 856 Legecestrensi,
1079 776 1165 839 obiit
1178 791 1303 891 &gupa
1402 756 1403 760 Ἰ

215 874 333 956 puella
358 874 516 957 quadam
542 874 676 937 inclusa
703 875 875 955 religiosa,
899 895 977 956 quae
1003 894 1066 956 per
1088 893 1166 956 sep·
1265 870 1270 880 '

216 975 369 1036 tenuium
402 981 483 1037 aute
512 974 643 1037 obitum
676 973 808 1036 nullum
841 975 980 1037 omnino
1009 975 1165 1055 gustavit

215 1073 341 1148 cibum,
372 1073 439 1135 uisi
465 1073 558 1155 quod
586 1072 706 1136 diebus
733 1072 925 1136 Dominicis
953 1073 1106 1155 corporis
1129 1082 1165 1136 et

214 1172 394 1252 sanguinis
418 1172 560 1235 Domini
586 1171 860 1236 communionem
887 1173 1044 1254 acecpit3
1071 1173 1164 1255 quod

213 1270 416 1334 miraculum
446 1290 523 1334 cum
559 1270 602 1334 ad
635 1270 845 1334 audientiam
877 1271 1053 1352 Hugonis,
1081 1270 1165 1334 Lin-

214 1369 399 1434 oolniensis
420 1370 585 1452 episcopi,
605 1370 831 1452 pervenisset,
850 1370 952 1433 fidem
973 1390 1041 1433 nou
1064 1370 1163 1434 adhi-

214 1468 288 1532 buit
306 1469 459 1546 veritati‚
481 1470 541 1533 sed
565 1468 667 1550 plane
684 1469 882 1532 incredulus
904 1469 987 1533 secit
1004 1489 1065 1553 per
1087 1470 1160 1534 dics

213 1566 407 1650 quindecim
423 1587 445 1632 a
460 1568 670 1651 presbyteris
689 1575 723 1631 et
739 1567 872 1631 clericis
888 1569 1055 1632 inclusam
1070 1588 1160 1651 prae-

211 1666 342 1730 dictam
371 1676 469 1732 arcta
496 1668 596 1731 nimis
626 1667 803 1731 observari
832 1668 1001 1745 custodia,
1032 1688 1160 1751 quous·

212 1785 280 1848 que
308 1776 522 1851 compertum
555 1766 621 1831 fuit
643 1765 738 1828 illam
767 1764 803 1827 in
821 1773 896 1830 toto
917 1767 1062 1830 termino
1091 1788 1162 1831 me-

211 1874 348 1931 morato
375 1865 470 1930 nullo
500 1884 596 1929 usam
624 1865 731 1928 fuisse
757 1866 912 1945 corporis
937 1866 1158 1931 nutrimento.

214 1964 355 2029 Faciem
376 1985 514 2048 quoque
542 1984 678 2046 semper
704 1963 824 2027 habuit
849 1971 887 2027 ut
908 1963 1018 2026 lilium
1045 1966 1160 2028 candi-

211 2064 389 2131 dissimam
407 2084 576 2148 roseoque
594 2065 718 2127 rubore
733 2062 920 2146 perfusam,
935 2062 979 2126 ad
995 2061 1159 2127 indicium

211 2163 387 2246 pudicitiae
404 2172 440 2229 et
455 2164 634 2228 munditiae
651 2162 842 2245 virginalis.

265 2335 354 2415 and
365 2336 517 2401 eomitissa
534 2334 769 2401 Sorai-iriensis
781 2337 932 2402 murium
946 2337 1106 2423 respuerit.

264 2456 367 2521 Circa
390 2458 453 2523 hos
479 2478 616 2542 quoque
641 2460 715 2523 dies
743 2461 888 2526 relatum
913 2471 966 2525 est
990 2462 1064 2544 regi
1085 2460 1159 2525 An·
1173 2476 1313 2516 rumonus
1416 2462 1425 2477 “

1171 2528 1208 2566 the
1216 2530 1315 2565 oouuteu

211 2555 360 2637 glorum,
381 2557 595 2622 Willelmum
616 2560 774 2624 comitem
794 2559 1092 2638 Saresbiriensem,
1106 2562 1159 2645 ip·
1171 2577 1315 2624 orsunnurr·

210 2655 284 2719 sius
312 2656 404 2738 regis
433 2656 656 2734 avunculum,
682 2658 763 2721 dum
792 2658 834 2722 de
861 2660 1018 2742 partibus
1045 2668 1160 2723 trans·

212 2755 355 2818 marinis
392 2755 520 2821 rediret
556 2758 592 2821 in
633 2757 809 2838 Angliam,
849 2758 885 2820 in
925 2758 1012 2819 mari
1051 2756 1159 2820 fuisse

210 2854 453 2934 submersum
491 2856 564 2931 sed,
594 2875 673 2919 cum
698 2876 761 2919 rex
789 2855 892 2939 hujus
920 2856 970 2918 rei
997 2864 1158 2919 eventum

210 2953 314 3016 nimis
335 2954 478 3018 moleste
499 2955 649 3032 tulisset,
676 2955 823 3019 accessit
845 2955 888 3018 ad
913 2975 992 3018 eum
1018 2954 1158 3018 Huber-

211 3060 282 3129 tus,
307 3052 404 3134 regni
427 3054 657 3137 justiciarius,
685 3055 828 3136 exigens
856 3055 900 3118 ab
931 3074 973 3117 eo
1003 3061 1043 3118 ut
1069 3073 1155 3118 uxo·

210 3170 283 3215 rem
310 3151 463 3234 ejusdem
487 3152 654 3218 Willelmi
683 3152 782 3219 daret
810 3153 1007 3217 Reimundo
1040 3154 1158 3237 nepoti

209 3269 287 3327 suo,
309 3252 365 3315 cni
385 3252 496 3317 honor
518 3253 702 3316 comitatus
726 3252 818 3317 illius
837 3253 917 3335 jure
938 3253 1158 3317 haereditario

210 3350 447 3432 contingebat,
474 3359 514 3416 ut
535 3370 611 3415 eam
632 3353 698 3416 sibi
723 3352 943 3416 matrimonio
966 3353 1156 3435 copularet.

210 3447 293 3512 Rex
318 3457 435 3514 autem
464 3470 545 3515 cum
570 3451 772 3533 petitionem
800 3471 899 3515 suam
928 3453 1107 3515 annuisset
1128 3453 1157 3514 si

208 3556 329 3630 posset
349 3550 560 3614 comitissam
578 3550 740 3614 inducere
759 3550 803 3613 ad
825 3569 1042 3625 consensum,
1065 3550 1160 3613 misit

209 3645 303 3711 illico
324 3647 543 3730 justiciarius
572 3649 804 3712 Reimundum
829 3648 1012 3731 praefatum
1035 3648 1079 3711 ad
1101 3667 1159 3710 co·

209 3745 378 3810 mitissam
394 3747 431 3811 in
448 3749 555 3812 nobili
572 3755 742 3830 apparatu
758 3747 911 3823 militari,
931 3747 960 3809 si
983 3747 1093 3828 possit
1114 3745 1159 3809 ad

208 3844 285 3928 ejus
309 3864 460 3910 amorem
481 3848 633 3911 mulieris
653 3847 804 3910 animum
830 3846 1007 3909 inclinare,
1053 3843 1159 3908 Cum·

208 3963 277 4026 que
299 3963 375 4008 eam
403 3946 619 4010 Reimundus
642 3952 852 4009 memoratus
873 3944 1009 4007 blandis
1032 3961 1160 4006 sormo-

210 4043 313 4106 nibus
345 4050 380 4107 et
405 4046 690 4128 promissionibus
717 4045 852 4126 maguis
883 4042 927 4107 ad
955 4061 1162 4107 consensum

211 4142 349 4207 trahere
369 4153 565 4222 conaretur,
582 4145 643 4211 illa
660 4165 738 4209 cum
758 4142 994 4227 indignatione
1011 4144 1164 4207 maxima

263 4256 345 4307 von.
363 4258 410 4308 lv.
1001 4258 1012 4304 1
