2978 4996
472 438 611 486 rueres
635 438 904 490 nrsronrnnuu.
1119 429 1163 492 79

208 598 328 679 fugere
348 597 518 680 potuisset
534 597 742 661 victualibus
769 598 967 677 destitutus,
992 620 1054 663 nec
1073 621 1161 683 pug-
1175 618 1228 657 nn.
1242 620 1296 657 1222.

208 717 288 761 nam
303 696 417 761 facere
432 716 510 761 cum
531 696 682 760 Soldano
705 705 847 779 propter
865 698 978 762 lacum
1000 700 1161 777 medium,

208 797 299 860 inter
319 815 429 878 aquas
449 796 605 860 inclusus
627 796 718 859 sicut
738 797 843 877 piscis
864 797 929 860 reti
951 799 1160 878 includitur3

210 894 292 958 feeit
319 896 451 959 invitus
482 904 517 958 ct
546 896 582 957 in
611 896 756 975 augaria
788 896 922 977 positus
950 905 1089 978 pactum
1118 899 1161 963 de

208 994 384 1058 reddenda
403 994 567 1057 Damieta
589 993 753 1070 Soldano,
776 1000 812 1057 et
839 995 986 1058 esclavis
1005 997 1080 1078 ejus
1101 999 1161 1078 qui

209 1093 356 1157 inveniri
383 1100 544 1175 poterant
572 1092 607 1154 in
638 1091 733 1174 Tyro
761 1101 797 1156 et
819 1092 956 1170 Acbon,
988 1114 1051 1175 pro
1079 1116 1162 1159 vera

209 1211 311 1256 cruce
322 1200 358 1256 et
374 1211 437 1273 pro
454 1191 602 1255 esclavis
620 1189 826 1254 Christianis
844 1212 1027 1274 regnorum
1046 1194 1162 1277 Baby..

210 1291 313 1355 loniae
329 1299 365 1355 et
381 1291 557 1354 Damasci.
611 1289 687 1353 Nos
704 1291 811 1371 igitur
826 1311 903 1354 cum
929 1292 1007 1355 aliis
1030 1294 1160 1357 nuntiis

210 1389 254 1452 dc
278 1390 451 1454 communi
477 1389 651 1470 legatione
680 1389 787 1453 totius
817 1391 991 1454 exercitus
1018 1393 1160 1455 Damia-

210 1497 282 1552 tam
313 1488 496 1564 adivimus,
526 1487 654 1570 populo
677 1489 829 1553 civitatis
857 1491 1036 1571 pactiones
1062 1492 1160 1554 nobis

209 1587 385 1672 injunctas
427 1588 586 1652 omnibus
626 1587 859 1665 ostendentes,
890 1609 969 1673 quae
998 1590 1160 1671 episcopo

210 1685 422 1763 Aebonensi,
459 1686 678 1763 cancellario,
717 1694 752 1750 et
783 1686 936 1751 Haurico
969 1689 1086 1752 comiti
1119 1689 1160 1752 de

212 1785 337 1863 Malta,
370 1805 457 1868 quos
488 1785 614 1849 ibidem
641 1786 846 1861 invenimuS,
878 1787 1062 1867 plurimum
1091 1787 1160 1850 dis-

211 1884 411 1967 plicebant;
438 1885 623 1948 voluerunt
648 1884 738 1946 enirn
765 1883 941 1948 civitatem
968 1886 1160 1962 defendere,

210 1983 302 2066 quod
334 2002 398 2047 nos
419 1983 564 2047 multum
588 1983 857 2064 approbaremus
879 1984 910 2045 si
936 1984 1067 2047 utiliter
1089 1985 1161 2047 fieri

210 2083 394 2164 potuisset,
411 2082 593 2145 mallemus
616 2081 752 2163 quidem
776 2082 811 2144 in
835 2101 972 2145 carcere
995 2091 1161 2164 perpetuo

210 2181 359 2259 detrudi,
376 2200 479 2262 quam
497 2182 622 2245 civitas
644 2199 667 2243 a
689 2181 786 2244 nobis
809 2181 852 2244 ad
876 2180 1023 2244 dedecus
1042 2181 1159 2245 Chris·

210 2281 382 2345 tianitatis
405 2280 590 2345 incredulis
613 2279 836 2359 redderetur;
865 2279 938 2356 sed,
960 2279 1079 2344 habita
1100 2301 1162 2363 por

211 2380 387 2444 civitatem
414 2379 637 2461 indagatione
662 2380 781 2459 sagaci
806 2399 919 2442 rerum
943 2388 978 2444 et
998 2400 1160 2463 persona-

212 2498 302 2556 rum,
323 2498 385 2542 uec
403 2480 584 2560 pecuniam
607 2478 812 2542 invenerunt
834 2499 896 2542 nec
914 2489 1063 2560 gentem,
1087 2481 1164 2562 qui-

213 2578 277 2640 bus
308 2577 484 2641 civitatem
518 2575 699 2641 defendere
728 2578 934 2659 potuissent.
988 2579 1064 2643 Nos
1097 2581 1162 2642 ita-

212 2696 279 2757 que
305 2676 384 2739 huic
413 2677 565 2759 pactioni
597 2675 858 2758 adquiescentes
884 2686 1102 2741 sacramento
1126 2686 1161 2740 et

212 2776 388 2840 obsidibus
421 2795 498 2839 cam
527 2774 750 2850 firmavimus,
780 2783 1006 2856 treugamque
1027 2776 1160 2844 firmam

211 2882 291 2939 octo
307 2893 473 2937 annorum
489 2875 685 2937 statuimus.
732 2872 904 2937 Soldauus
923 2874 1030 2954 igitur
1051 2892 1161 2954 usque

212 2973 256 3036 ad
288 2973 569 3055 compositionem
596 2974 723 3036 factam
759 2971 905 3035 fideliter
931 2973 1043 3036 tenuit
1069 2973 1160 3054 quod

211 3072 408 3154 spopondit,
427 3072 596 3136 exercitui
618 3079 736 3136 nostro
754 3070 911 3135 famelico
926 3092 988 3154 per
1002 3072 1075 3136 dies
1091 3071 1161 3134 sere

211 3171 404 3252 quindecim
432 3189 555 3253 panem
575 3171 754 3234 conserens
778 3177 813 3234 et
837 3164 1039 3252 ¹polentam.
1085 3171 1160 3234 Vos

211 3289 295 3351 ergo
315 3270 443 3334 nostris
458 3268 603 3333 miseriis
621 3271 870 3352 compatientes
887 3272 984 3335 nobis
1001 3272 1037 3334 in
1054 3290 1161 3353 quan-

211 3376 283 3432 tum
302 3369 460 3451 poteritis
477 3369 703 3432 subveniatis.
755 3368 906 3434 Valete.’

310 3544 360 3608 De
374 3543 540 3607 lactamina
553 3551 582 3606 et
596 3542 725 3605 desidio
738 3542 959 3606 Londonieasic
973 3539 1068 3604 urbis.

256 3666 387 3731 Eodem
399 3685 491 3730 anno
507 3666 544 3728 in
557 3659 630 3728 ²die
647 3664 760 3728 sancti
771 3664 795 3728 J
798 3664 897 3728 acobi
915 3663 1065 3745 apostoli
1080 3680 1161 3725 con·
1177 3684 1237 3723 rna.
1247 3685 1269 3723 n

210 3774 381 3831 venerunt
408 3765 452 3828 ad
485 3765 659 3828 luctamen
692 3763 784 3846 apud
809 3762 978 3844 hospitale
1006 3760 1163 3824 Matildis
1176 3735 1269 3774 “nm

211 3865 341 3946 reginae
374 3871 476 3928 extra
506 3864 625 3926 urbem
657 3862 915 3926 Londoniarum
945 3860 1037 3922 cives
1068 3860 1163 3924 urbis

248 4058 416 4125 ¹Polentam.]
440 4056 636 4111 ‘Praebendam'
653 4062 680 4109 iu
703 4060 732 4108 ol
745 4059 819 4120 July.
855 4059 979 4120 compare
998 4058 1040 4106 the
1057 4064 1165 4107 account

212 4130 270 4180 MS.
705 4144 734 4178 aa
752 4130 827 4189 given
847 4130 873 4177 in
895 4129 937 4178 the
957 4128 1050 4178 Chron.
1068 4127 1163 4177 Dunst.

247 4197 319 4249 'Die
330 4200 410 4249 nacti
421 4200 509 4250 «lucebi
518 4194 543 4267 ,·]
562 4201 604 4250 the
621 4200 680 4250 bath
704 4216 731 4262 p.
745 4203 802 4261 129,
811 4214 860 4262 sep.
