2978 4996
472 466 612 514 anonas
636 467 906 516 nrsroarnnuu.
1099 456 1167 521 loa

211 625 337 707 posito,
369 643 431 706 per
462 625 639 687 dimidium
668 625 736 688 diei
767 626 921 706 spatium
956 628 1070 691 verbis
1100 628 1166 691 viri
1181 644 1234 683 Ab·
1247 643 1303 683 ¹²²⁷·

212 724 278 787 Dei
300 722 516 786 intendentes
534 723 577 785 de
593 725 670 787 loco
685 743 753 787 non
769 732 851 788 sunt
867 733 983 801 motae,
1001 726 1061 788 sed
1078 747 1166 790 sem·
1178 695 1218 784 iii
1233 694 1319 783 {hihi

210 842 272 903 per
288 822 513 885 intuebantur
528 821 650 885 faciem
666 823 902 904 praedicantis
942 824 1032 887 Haec
1049 838 1163 889 autem

211 941 265 983 res
282 921 494 984 admirabilis
516 939 635 984 cuma
657 922 791 984 civibus
813 921 980 985 Romanis
1005 923 1107 986 simul
1130 933 1165 988 et

212 1020 255 1081 ab
286 1020 497 1083 intrantibus
529 1020 649 1082 urbem
678 1026 714 1082 et
747 1022 956 1083 exeuntibus
989 1030 1166 1103 comperta

210 1117 344 1194 fuisset,
360 1126 395 1181 et
411 1118 639 1200 pertriduum
653 1137 675 1180 a
691 1119 768 1181 viro
785 1119 852 1182 Dei
874 1119 1022 1201 idipsum
1042 1122 1165 1185 avibus

211 1218 409 1279 convocatis
425 1216 628 1297 replicatum
645 1218 1015 1293 exstitisset‚exierunt
1030 1219 1072 1282 de
1084 1221 1166 1283 civi·

213 1322 284 1377 tate
307 1317 419 1378 clerus
440 1335 518 1379 cum
545 1316 673 1397 populo
696 1317 805 1379 multo
827 1317 1084 1380 introducentes
1107 1318 1165 1381 ho

212 1414 338 1476 minem
369 1413 437 1476 Dei
465 1433 543 1476 cum
567 1415 790 1479 veneratione
819 1417 1006 1497 magnoin
1034 1418 1164 1495 urbem,

211 1530 358 1592 quorum
377 1512 538 1594 deinceps
562 1513 666 1577 corda
688 1513 902 1577 infructuosa
926 1523 961 1577 et
978 1516 1164 1596 pertinaci·

212 1617 264 1673 ter
279 1610 450 1674 obdurata
464 1611 540 1674 oleo
555 1612 812 1693 praedicationis
829 1614 1041 1678 obsecrantis
1057 1616 1164 1678 emol-

212 1708 299 1772 liens
320 1711 354 1771 in
381 1709 504 1773 melius
528 1712 765 1773 commutavit.
805 1710 923 1792 Coepit
939 1713 1057 1794 itaque
1073 1714 1162 1777 cele·

212 1808 271 1869 bre
286 1827 410 1870 nomen
429 1808 505 1890 ejus
527 1827 590 1889 per
612 1808 794 1871 universos
812 1807 928 1872 Italiae
943 1810 1028 1872 fines
1044 1812 1095 1874 ita
1111 1812 1162 1874 di·

211 1906 328 1983 latari,
352 1906 444 1987 quod
468 1908 567 1969 multi
595 1907 728 1970 nobiles
754 1907 863 1987 ipsius
890 1908 1086 1988 exemplum
1109 1930 1162 1972 se-

211 2006 294 2082 cuti,
314 2004 435 2068 relicto
456 2006 572 2068 seculo
596 2024 674 2067 cum
699 2005 792 2068 vitiis
815 2012 849 2067 et
876 2007 1162 2086 concupiscentiis

211 2104 299 2187 ejus,
322 2123 398 2167 sese
431 2104 631 2185 magisterio
661 2122 724 2165 suo
754 2103 990 2166 subdiderunt.
1044 2103 1163 2168 Crevit

211 2202 319 2284 igitur
336 2204 371 2265 in
387 2203 483 2266 brevi
508 2202 562 2265 hic
580 2203 664 2266 ordo
681 2202 824 2266 fratrum
844 2201 1086 2285 praedictorum
1102 2224 1163 2285 per

211 2302 327 2364 orbem
352 2302 563 2377 universum,
586 2302 659 2383 qui,
682 2303 718 2364 in
743 2302 884 2365 urbibus
907 2301 1104 2365 habitantes
1128 2314 1163 2366 et

209 2400 373 2476 castellis,
399 2400 478 2463 deni
501 2406 536 2462 et
551 2401 685 2481 septeni
708 2401 869 2464 exierunt
892 2401 928 2462 in
945 2400 1064 2464 diebus
1081 2401 1161 2479 illis,

209 2517 271 2580 per
294 2499 395 2562 villas
420 2507 455 2560 et
480 2499 643 2561 ecclesias
671 2499 886 2580 parochiales
916 2501 1058 2563 verbum
1078 2502 1161 2564 vitae

209 2597 450 2678 praedicantes,
468 2604 503 2659 ct
520 2598 629 2660 turbis
653 2598 848 2678 agrestibus
872 2598 1040 2661 virtutum
1065 2599 1162 2679 plan-

212 2695 300 2759 taria
326 2697 516 2759 inserentes
544 2695 691 2759 fructum
721 2696 906 2776 plurimum
935 2715 1013 2759 cum
1047 2699 1161 2759 usuris

210 2795 314 2858 etiam
335 2795 485 2857 Domino
506 2794 705 2857 obtulerunt
722 2814 731 2871 ;
756 2813 818 2856 nec
839 2793 950 2854 solum
971 2794 1061 2857 inter
1080 2794 1162 2857 srde·

210 2893 260 2956 les
283 2912 399 2956 semen
425 2893 519 2956 verbi
542 2893 609 2955 Dei
632 2900 667 2955 ct
689 2911 799 2954 rorem
822 2890 987 2953 doctrinm
1012 2891 1161 2955 caelestis

211 2999 488 3074 consperserunt,
501 3010 619 3054 verum
636 2991 794 3054 etiamad
808 2989 986 3070 gentilium
1002 2990 1160 3070 regiones

209 3099 245 3153 at
261 3090 511 3153 Saracenorum
534 3090 692 3152 nationes
714 3109 751 3152 se
767 3088 981 3152 conserentes
998 3088 1159 3170 porhibu-

209 3197 310 3252 erunt
326 3190 558 3253 testimonium
572 3188 722 3264 veritati,
738 3188 828 3250 inter
839 3207 926 3268 quos
939 3188 1043 3251 etiam
1060 3187 1159 3251 multi

211 3307 255 3351 ex
270 3289 319 3350 eis
335 3288 378 3351 ad
397 3288 554 3371 martyrii
568 3287 714 3368 gloriam
732 3294 974 3368 pervenerunt.

221 3459 270 3521 De
285 3480 433 3522 concursu
441 3459 630 3544 populorum
645 3458 690 3521 acl
704 3456 818 3522 obitum
824 3459 949 3542 fratris
965 3480 1040 3543 erpo
1054 3459 1142 3523 dicti.

260 3582 414 3645 Tandem
434 3603 529 3659 vero,
552 3602 628 3646 cum
652 3583 782 3645 amicus
806 3583 873 3645 Dei
900 3582 1106 3645 Franciscus
1122 3583 1157 3644 in
1171 3608 1299 3648 neurius.

210 3683 294 3745 urbe
327 3681 442 3744 Roma
477 3682 578 3745 simul
616 3689 651 3744 et
681 3682 781 3744 terris
815 3680 1052 3762 adjacentibus
1079 3699 1156 3741 cum
1170 3659 1263 3698 Μ*

209 3781 372 3843 fratribus
395 3781 467 3843 suis
493 3801 555 3863 per
576 3799 685 3842 annos
710 3779 837 3842 multos
859 3777 1076 3857 evangelium
1095 3797 1157 3858 pa·

209 3880 259 3943 cis
289 3879 525 3962 praedicasset,
557 3887 592 3942 et
618 3878 785 3940 talentum
815 3877 880 3940 sibi
909 3875 1086 3950 creditum,
1118 3884 1157 3939 ut

209 3978 397 4041 foenerator
418 3979 581 4060 optimus,
600 3997 677 4040 curn
695 3976 809 4038 usuris
829 3974 1076 4054 multiplicibus
1093 3993 1157 4036 suo

207 4077 364 4157 largitori
397 4078 617 4152 restituisset,
643 4076 736 4138 venit
758 4074 843 4136 hora
867 4073 955 4155 ejus,
981 4080 1021 4135 ut
1044 4080 1157 4135 trans-

208 4176 274 4240 iret
289 4196 334 4240 ex
353 4176 419 4240 hoc
439 4176 566 4240 mundo
589 4175 633 4238 ad
654 4173 841 4248 Christum,
866 4179 901 4236 et
919 4192 981 4254 pro
1004 4172 1159 4236 mercede
