2978 4996
363 428 429 492 an
621 440 755 489 uocum
784 440 838 488 nu·
853 439 1063 490 wunnovss

206 618 261 657 so.
272 618 328 657 ras
366 599 435 662 Sed
452 597 644 674 Hubertus,
658 596 702 660 de
718 596 772 660 his
788 597 947 660 omuibus
963 599 1007 660 ab
1024 598 1144 662 amicis
1160 597 1247 673 suis,
1259 598 1321 679 qui

367 699 402 761 in
419 699 515 761 curia
528 697 622 779 regis
639 704 750 772 eraut,
771 697 1011 778 praemunitus,
1027 689 1180 759 'duobus
1198 697 1320 759 minis·

368 798 443 872 tris,
467 797 526 877 qui
554 797 586 859 ei
611 796 647 858 in
675 794 768 858 illius
793 796 899 858 castri
925 795 1088 877 praesidio
1107 796 1320 870 serviebant,

367 895 433 959 boc
450 895 630 958 consilium
651 893 830 969 revelavit,
852 894 911 976 qui
932 894 1041 975 ipsius
1060 894 1208 958 miseriae
1222 912 1318 957 com·

367 995 539 1076 patientes
572 993 719 1057 sollicite
744 993 958 1074 cogitabant,
984 993 1136 1074 qualiter
1170 992 1271 1056 illum
1297 1010 1320 1055 a

368 1093 489 1157 mortis
520 1091 717 1156 discrimine
747 1091 944 1155 liberarent.
996 1090 1226 1156 Considerata
1254 1091 1322 1172 igi-

367 1198 426 1255 tur
442 1191 606 1273 temporis
625 1190 897 1271 opportunitate,
918 1189 1166 1253 dormientibus
1183 1189 1320 1254 castelli

368 1290 580 1365 custodibus,
611 1307 700 1351 unus
732 1307 863 1363 eorum,
893 1287 1003 1351 altero
1034 1288 1255 1370 explorante,
1282 1289 1319 1351 in

368 1389 479 1470 prima
498 1388 609 1451 noctis
631 1385 743 1450 sancti
772 1385 952 1449 Michaelis
976 1386 1106 1468 vigilia,
1132 1386 1318 1468 praesatum

370 1485 567 1549 Hubertum
594 1484 631 1547 in
660 1484 813 1548 humeris
843 1484 989 1566 arripuit
1016 1484 1262 1567 compeditum,
1284 1494 1320 1551 et

369 1576 429 1647 de²
461 1584 548 1646 turri
579 1583 668 1646 clam
697 1583 897 1647 custodibus
923 1582 1132 1646 descendens
1163 1591 1198 1648 et
1222 1585 1320 1666 pium

369 1681 498 1744 sartum
531 1681 643 1745 serens
676 1681 894 1745 latitudinem
933 1680 1069 1745 castelli
1102 1683 1320 1764 pertransiit,

369 1780 579 1862 veniensque
601 1779 644 1843 ad
661 1780 826 1864 majorem
852 1787 988 1862 portam
1011 1799 1074 1861 per
1096 1781 1224 1844 ostium
1241 1781 1317 1846 exi-

370 1879 433 1956 vit,
456 1887 491 1943 et
515 1880 566 1943 sic
588 1879 760 1961 quoddam
782 1878 905 1960 iugens
925 1878 1105 1955 fossatum,
1131 1879 1214 1943 licet
1239 1899 1319 1944 cum

370 1978 583 2055 difficultate,
609 1976 853 2042 transcendens
880 1977 923 2040 ad
947 1978 1125 2041 ecelesiam
1142 1979 1236 2042 villae
1258 1997 1321 2060 pa-

370 2077 555 2141 rochialem
589 2077 735 2158 impiger
762 2076 877 2140 viator
903 2076 1114 2152 conscendit,
1145 2096 1210 2141 nec
1244 2096 1319 2141 sar-

370 2176 483 2239 cinam
520 2175 617 2256 prius
654 2175 814 2257 deposuit
844 2193 948 2256 quarn
981 2174 1025 2238 ed
1063 2175 1176 2257 majus
1208 2176 1320 2241 altare

371 2272 472 2337 laetus
502 2274 671 2355 pervenit.
717 2272 741 2337 J
744 2293 872 2338 uvenes
901 2293 996 2349 vero,
1025 2274 1085 2355 qui
1117 2273 1318 2340 Hubertum

371 2371 613 2446 liberaverant,
632 2372 676 2434 ab
706 2391 747 2435 eo
769 2373 927 2436 recedere
949 2372 1106 2436 nolentes
1128 2393 1193 2455 pro
1214 2374 1319 2438 laude

371 2470 436 2533 sibi
457 2469 649 2533 futurorum
670 2469 878 2552 reputabant
897 2479 933 2535 et
954 2469 1109 2535 mercede
1133 2472 1267 2537 caelesti
1288 2471 1318 2537 si

370 2587 433 2650 pro
447 2570 538 2634 tanti
551 2569 615 2633 viri
633 2567 835 2634 liberatione
847 2576 992 2634 mortem
1004 2570 1221 2636 incurrerent
1233 2581 1318 2637 tern-

369 2668 533 2748 poralem.

456 2839 545 2920 Quod
557 2837 714 2904 Hedones
728 2839 767 2904 ab
780 2838 905 2904 orclem
920 2840 1064 2907 aiebam
1079 2850 1237 2908 estractus

637 2938 853 3003 incarceretur
868 2939 903 3003 ia
919 2940 1050 3006 castello.

410 3060 676 3141 'Evigilantibus
700 3063 832 3125 interea
857 3063 1066 3139 castellanis,
1083 3084 1161 3128 eum
1179 3064 1319 3133 Iluber-

229 3139 315 3217 ⁰20⁰2
370 3165 442 3221 tum
469 3160 503 3220 iu
533 3160 608 3223 loco
633 3180 703 3224 non
731 3162 906 3242 reperiunt
930 3170 1107 3239 consueto,
1126 3166 1317 3246 perturbati

219 3229 453 3319 „¹⁸0u10.suut
484 3258 596 3334 valde,
630 3266 665 3321 et
695 3260 898 3323 catervatim
933 3269 1099 3324 exeuntes
1131 3262 1174 3326 de
1202 3272 1316 3328 castro

371 3374 448 3417 cum
477 3355 618 3420 laternis
643 3365 678 3421 et
706 3358 853 3422 fustibus
886 3366 923 3422 et
951 3361 1055 3423 armis
1079 3362 1197 3425 omnia
1224 3382 1317 3445 quae·

371 3453 476 3517 rendo
493 3456 762 3536 perlustrabant,
781 3457 891 3521 donec
912 3476 934 3521 a
949 3458 1175 3525 reserantibus
1199 3462 1317 3527 audie·

372 3562 452 3618 runt
471 3553 668 3619 Hubertum
695 3575 771 3620 esse
794 3557 831 3619 in
857 3556 1003 3623 ecclesia
1028 3578 1073 3621 ex
1095 3561 1317 3642 compedibus

371 3652 565 3730 liberatum,
589 3674 658 3736 quo
689 3674 767 3718 cum
797 3655 948 3719 tumultu
989 3665 1234 3722 concurrentes
1266 3661 1317 3723 in·

371 3760 540 3816 venerunt
570 3773 647 3816 eum
679 3761 761 3818 ante
789 3755 899 3819 altare
930 3774 1066 3820 crucem
1098 3757 1318 3823 Dominicam

406 3908 525 3963 ¹Daobas
542 3909 690 3982 ministris]
719 3914 750 3963 lu
773 3915 831 3966 MS.
855 3916 1005 3966 ‘Dimissus
1032 3932 1078 3978 per
1103 3918 1231 3969 caucellos
1261 3935 1317 3970 cnm

368 3980 830 4047 ‘duosnrinistros,’bntwltbamark
857 3987 957 4047 mappis
979 3992 1004 4035 et
1029 3989 1203 4050 manutergiis,
1230 3996 1318 4053 ugente

368 4049 406 4098 ter
417 4056 563 4103 correction.
857 4056 965 4116 quodam
978 4057 1102 4118 arrnigero
1115 4071 1171 4118 suo,
1188 4061 1234 4120 qui
1250 4061 1318 4111 solus

857 4125 889 4172 de
915 4125 1012 4174 tuniba
1034 4141 1079 4175 sus
1102 4126 1126 4174 ei
1150 4128 1319 4179 ministravit·

401 4184 459 4235 ¹De
482 4190 546 4237 turri
565 4226 571 4241 .
587 4227 593 4241 .
608 4227 634 4241 ..
651 4193 800 4244 descendens.
819 4195 830 4257 ]
856 4194 949 4244 (ibren.
961 4195 1061 4257 witer,
1071 4210 1097 4257 p.
1108 4199 1150 4246 ⁴².
