2978 4996
215 652 269 691 Μ).
281 652 337 691 llll.

217 2231 319 2280 ses-taut
328 2230 350 2270 ln

218 2282 254 2321 the
263 2280 361 2321 channel.

373 460 417 525 28
630 475 763 523 noonnr
787 474 833 522 aa
857 472 1063 521 wnunovnn

377 635 481 697 toties
502 634 543 696 de
567 652 735 696 consensu
759 632 819 695 filii
843 631 961 716 luerat
980 631 1105 694 acriter
1126 630 1327 711 increpatus

377 752 397 795 a
419 751 521 815 papa,
545 750 713 795 summam
741 732 870 811 negotii
896 731 1059 812 imposuit
1084 730 1184 793 uxori
1211 727 1327 792 Lodo·

376 833 466 907 wici,
512 850 590 913 quae
626 850 694 894 non
731 831 884 911 segniter
918 849 989 892 rem
1025 830 1089 892 sibi
1129 829 1327 910 impositam

377 950 571 1013 exsequens
598 930 727 994 milites
753 935 925 992 trecentos
956 936 1115 992 strenuos
1141 936 1175 991 et
1203 928 1238 990 in
1273 947 1327 990 re·

375 1032 440 1093 bus
464 1031 670 1094 militaribus
696 1031 782 1092 bene
812 1035 954 1109 paratos
984 1027 1016 1089 in
1047 1026 1239 1091 subsidium
1262 1027 1327 1090 viri

377 1130 430 1192 sui
464 1149 540 1192 cum
582 1129 693 1192 multa
725 1136 935 1191 armatorum
976 1145 1079 1189 mann
1111 1125 1327 1191 transmittit.

376 1228 443 1292 Sed
465 1228 538 1292 haec
560 1228 676 1291 omnia
698 1246 812 1307 regem
829 1224 1025 1306 Anglorum
1043 1225 1152 1289 latere
1173 1245 1241 1288 non
1264 1243 1326 1306 po-

377 1335 504 1403 terant,
532 1327 590 1409 qui
615 1327 690 1408 jam
716 1326 846 1388 viribus
875 1325 1059 1406 resumptis
1089 1343 1166 1388 cum
1194 1325 1327 1404 ingenti

377 1426 533 1489 exercitu
562 1424 729 1487 australia
758 1424 862 1486 maris
887 1423 1007 1485 littora
1034 1428 1266 1506 occupaverat
1292 1431 1327 1486 et

378 1526 495 1587 urbem
526 1523 782 1586 Londoniarum
806 1541 896 1586 nnnc
918 1521 1121 1586 decreverat
1150 1521 1327 1587 obsidione

378 1623 533 1700 vallare;
562 1622 755 1702 assignavit
772 1640 855 1703 ergo
878 1640 953 1696 rex,
976 1620 1019 1685 de
1041 1620 1186 1685 consilio
1209 1621 1327 1701 magni

380 1721 614 1796 Mareschalli,
644 1719 842 1803 Philippum
870 1719 912 1783 de
940 1718 1110 1784 Albeneio
1136 1727 1171 1784 et
1193 1718 1326 1783 Jolran·

378 1840 457 1884 nem
480 1819 749 1884 Mareschallum
767 1818 869 1883 simul
887 1837 965 1882 cum
984 1820 1136 1902 quinque
1159 1816 1328 1901 portubus

379 1927 414 1983 et
430 1919 508 1982 aliis
531 1920 673 1983 armatis
696 1918 826 1995 multis,
845 1918 904 2000 qui
926 1919 1068 1981 semitas
1089 1917 1195 1981 maris
1217 1917 1326 1980 soler-

379 2025 432 2082 ter
451 2018 669 2101 speculantes
701 2018 911 2081 Francorum
936 2017 1158 2100 explorarent
1179 2023 1215 2080 et
1236 2035 1328 2098 prae·

379 2118 536 2200 pedirent
552 2118 750 2181 adventum.

448 2217 562 2298 Igitur
591 2218 628 2280 in
660 2216 716 2280 die
750 2217 862 2280 sancti
896 2216 1045 2299 apostoli
1080 2214 1330 2280 Bartholomaei

380 2317 501 2380 classis
523 2316 733 2379 Francorum
758 2314 946 2379 Eustochio
967 2315 1154 2391 Monacho,
1173 2315 1248 2379 viro
1265 2314 1329 2378 fla-

381 2415 606 2496 gitiosissimo
644 2423 679 2478 et
710 2408 718 2445 ¹
730 2415 852 2496 piratae
889 2415 1112 2496 nequissimo,
1145 2415 1330 2478 commissa

381 2523 446 2590 est,
478 2520 518 2576 ut
539 2531 614 2575 eam
643 2514 706 2575 sub
736 2513 835 2576 salvo
862 2514 906 2576 ad
929 2516 1047 2577 urbem
1072 2512 1330 2577 Londoniarum

381 2612 590 2676 conduceret
612 2619 647 2675 et
672 2613 843 2693 integram
878 2612 1064 2676 Lodowico
1091 2619 1331 2694 praesentaret.

382 2711 538 2791 Ingressi
565 2712 684 2793 itaque
711 2731 805 2775 mare
833 2712 960 2775 milites
982 2710 1173 2794 supradicti
1200 2711 1330 2775 habue-

382 2820 464 2875 runt
496 2830 518 2874 a
540 2817 639 2892 tergo
669 2810 790 2875 flatum
814 2810 1002 2892 turgidum,
1035 2811 1094 2892 qui
1127 2829 1187 2873 eos
1209 2829 1331 2874 versus

382 2908 546 2991 Angliam
570 2910 790 2974 vehementer
818 2911 977 2990 urgebat,
1004 2910 1063 2973 sed
1093 2909 1236 2972 insidias
1264 2909 1331 2973 sibi

382 3008 488 3072 fuisse
506 3017 648 3091 paratas
662 3006 819 3072 funditus
837 3010 1056 3090 ignorabant.
1108 3007 1195 3071 Cum
1213 3010 1332 3089 itaque

383 3106 505 3188 rapido
527 3106 648 3171 volatu
676 3107 819 3170 multam
852 3108 958 3170 maris
980 3109 1071 3173 viam
1098 3108 1226 3171 emensi
1249 3107 1333 3170 suis-

382 3212 472 3281 sent,
506 3205 628 3287 piratae
659 3206 752 3287 regis
778 3204 971 3288 Anglomm
998 3227 1042 3270 ex
1075 3206 1215 3288 obliquo
1238 3207 1334 3271 veni·

384 3311 480 3367 entes
518 3304 697 3367 recensitae
731 3313 812 3368 sunt
839 3306 876 3368 in
916 3312 1015 3388 parte
1049 3305 1196 3371 adversa
1227 3324 1335 3369 naves

383 3411 507 3485 quater
522 3403 659 3484 viginti,
677 3411 889 3486 quapropter
906 3405 1095 3468 timuerunt
1108 3404 1235 3468 bellum
1252 3424 1334 3468 con-

383 3521 498 3565 serere
529 3502 654 3566 navale
682 3522 760 3566 cnm
792 3505 941 3567 navibus
971 3505 1104 3586 paucis,
1132 3523 1210 3585 quae
1243 3504 1335 3568 inter

384 3601 515 3683 galeias
532 3610 567 3666 et
584 3621 692 3665 naves
715 3603 802 3665 alias
822 3622 1001 3666 numerum
1021 3602 1334 3685 quadragenarium

383 3720 452 3764 non
470 3708 716 3778 excesserunt3
741 3701 800 3764 sed
825 3702 963 3766 tandem
982 3702 1025 3765 de
1048 3721 1143 3779 casn,
1159 3702 1219 3783 qui
1241 3702 1333 3784 apud

385 3799 600 3864 Lincolniam
633 3800 817 3877 acciderat,
851 3801 979 3883 inquo
1012 3800 1114 3883 pauci
1143 3799 1187 3863 de
1216 3802 1335 3866 multis

384 3899 654 3983 triumpharunt,
683 3898 826 3963 animati
859 3901 1024 3964 audacter
1053 3920 1074 3963 a
1101 3908 1200 3981 tergo
1227 3901 1337 3964 irrue·

384 4007 466 4062 runt
488 3999 523 4061 in
553 3999 694 4077 hostes;
729 4000 821 4082 qnod
853 4019 930 4063 cum
956 4000 1184 4081 Francigenae
1206 4019 1335 4079 cogno·

666 4203 674 4236 ¹
688 4206 806 4269 Piratae]
823 4207 831 4236 ‘
843 4203 955 4258 Pietate’
967 4209 993 4256 in
1005 4208 1062 4258 MS.
