2978 4996
460 418 600 467 enonas
624 419 894 471 ursronranuu.
1096 409 1161 473 143

211 580 292 637 runt
314 575 349 638 in
380 576 476 640 brevi
507 576 600 658 apud
631 576 864 640 stanfordiam
899 596 976 640 cum
1004 581 1103 661 equis
1125 587 1161 643 et
1175 596 1231 635 av·
1243 594 1298 634 ¹22²-

1175 646 1263 686 Quarrel
1272 646 1296 682 of

209 673 314 737 armis
335 694 450 738 comes
471 675 666 739 cestrensis
684 676 871 753 Ranulfus,
894 696 1008 741 comes
1026 678 1160 743 Willel·
1174 695 1324 783 fflfffll

210 791 287 836 mus
304 774 568 852 Marescballus,
586 794 701 839 comes
720 774 917 839 Richardus
934 777 1042 840 frater
1059 780 1162 859 regis,
1176 755 1304 834 aieirinf¹

210 890 325 936 comes
353 873 551 938 Gloverniae
581 873 793 950 Gilebertus,
817 895 932 939 comes
963 876 1161 941 Warenniae

210 970 420 1050 Willelmus,
446 992 560 1037 comes
587 972 804 1037 Herefordiae
828 973 1015 1051 Henricus,
1047 994 1162 1039 comes

209 1069 1163 1151 [de]FerrariisWillolmus,comesWarewicensisWil-

212 1168 347 1247 lelmus,
374 1191 452 1235 cum
478 1172 665 1234 baronibus
690 1171 807 1235 multis
830 1180 866 1235 et
889 1173 1020 1254 ingenti
1045 1173 1162 1237 multi·

212 1269 330 1333 tudine
353 1277 577 1346 armatorum,
600 1269 837 1351 significantes
860 1273 932 1352 regi
956 1290 1034 1335 cum
1061 1271 1162 1336 minis

213 1368 427 1451 ampullosis,
451 1376 491 1433 ut
517 1368 607 1432 hanc
632 1368 795 1451 injuriam
818 1371 917 1435 fratri
942 1390 1006 1435 suo
1028 1371 1161 1434 illatam

212 1467 393 1531 confestim
417 1468 624 1544 emendaret,
648 1468 748 1551 cujus
777 1470 1063 1550 transgressionis
1090 1471 1161 1533 cul-

213 1584 294 1648 pam
316 1586 386 1630 non
407 1567 494 1648 regi,
514 1567 575 1630 sed
590 1566 799 1649 justiciario,
818 1569 1045 1650 imputarunt.
1090 1568 1162 1633 Ad-

211 1664 373 1729 diderunt
390 1667 544 1748 insuper,
566 1667 640 1747 regi
661 1665 905 1731 denuntiantes
927 1669 1102 1744 atrociter,
1123 1677 1162 1731 ut

210 1765 363 1841 chartas,
376 1784 464 1847 quas
481 1784 590 1846 nuper
600 1765 693 1847 apud
706 1765 879 1829 Oxoniam
896 1767 1161 1843 cancellaverat,

211 1863 254 1927 de
271 1863 488 1927 libertatibus
505 1863 655 1940 forestae,
677 1864 742 1927 sibi
768 1864 899 1945 absque
921 1865 1087 1928 dilatione
1109 1885 1161 1927 re-

212 1962 371 2025 stitueret
393 1963 586 2043 sigillatas3
614 1962 668 2025 sin
684 1969 813 2038 autem,
829 1962 897 2044 ipsi
919 1962 1015 2025 illum
1037 1962 1161 2042 gladiis

212 2061 483 2125 discurrentibus
515 2060 771 2142 compellerent,
803 2067 843 2124 ut
872 2061 937 2123 sibi
971 2080 1076 2143 super
1109 2061 1162 2123 his

212 2160 429 2225 satisfaceret
443 2166 688 2242 competenter.
740 2160 839 2222 Tunc
862 2180 924 2223 rex
947 2159 1071 2223 statuit
1093 2160 1162 2222 illis

211 2259 304 2341 apud
334 2258 368 2322 N
371 2260 610 2323 orhamtonam
635 2258 738 2322 tertio
761 2278 870 2323 nonas
887 2258 1040 2340 Augusti
1059 2259 1162 2335 diem,

183 2372 190 2381 ·
213 2365 254 2421 ut
277 2358 325 2421 ibi
349 2358 479 2422 faceret
502 2358 552 2420 eis
573 2358 711 2438 plenam
734 2358 973 2422 rectitudinem
995 2358 1162 2422 exbiberi.

214 2456 379 2520 Partibus
395 2458 503 2538 igitur
516 2457 607 2539 apud
625 2458 744 2520 urbem
762 2457 943 2539 praefatam
959 2458 1016 2521 die
1029 2465 1163 2521 statuto
1245 2541 1246 2544 Ἴ

213 2557 509 2632 convenientibus,
526 2575 601 2632 rex,
618 2557 840 2636 magnatibus
855 2556 899 2619 ad
920 2555 985 2620 hoc
1000 2557 1163 2621 instanti·

213 2656 291 2732 bus,
313 2655 409 2719 dedit
436 2655 535 2719 fratri
564 2674 628 2719 suo
657 2655 773 2718 dotem
803 2662 911 2719 totam
944 2655 1064 2718 matris
1090 2674 1163 2717 suae

214 2754 332 2818 comiti
351 2754 538 2830 Richardo,
561 2754 690 2817 addens
712 2754 744 2817 ei
765 2760 875 2815 terras
891 2772 1009 2815 omnes
1026 2771 1104 2833 quae
1119 2753 1162 2815 ad

208 2853 269 2936 jus
278 2854 415 2916 comitis
432 2853 622 2916 Britanniae
639 2852 857 2934 pertinebant
874 2852 910 2913 in
927 2849 1069 2932 Anglia,
1085 2869 1162 2913 cum

214 2952 286 3016 suis
302 2951 461 3016 omnibus
474 2952 587 3028 terris,
602 2971 680 3034 quae
694 2950 831 3015 fuerant
844 2950 981 3014 comitis
995 2950 1163 3013 Bononiae

214 3070 325 3133 nuper
341 3052 516 3131 defuncti;
540 3051 642 3115 etsie
659 3051 802 3133 pacifice
824 3051 867 3113 ad
890 3050 1031 3132 propria
1053 3067 1164 3112 reces-

215 3157 346 3215 serunt.
886 3177 888 3180 ⁴

267 3249 397 3314 Eodem
420 3268 511 3312 anno
533 3249 701 3312 heremita
716 3249 857 3332 quidam
879 3250 916 3313 in
931 3247 1080 3331 Alpibus
1103 3249 1163 3311 ha·
1176 3264 1268 3313 Leaena·

215 3349 332 3413 bitans
366 3349 617 3424 transmarinis,
648 3347 730 3410 dum
763 3349 965 3429 psalterium
993 3368 1093 3412 suum
1121 3347 1164 3411 de

214 3466 309 3511 more
337 3446 488 3529 quodam
514 3446 570 3510 die
600 3447 799 3524 ruminaret,
827 3467 905 3511 cum
935 3448 1087 3511 venisset
1119 3447 1163 3510 ad

214 3547 386 3629 psalmum
406 3546 612 3628 ‘Exsurget
636 3544 755 3622 Deus,’
780 3546 912 3609 invenit
933 3545 1048 3609 subito
1071 3545 1164 3626 psal·

214 3665 307 3708 mum
329 3645 490 3720 deletum,
515 3653 550 3708 et
573 3646 608 3707 in
634 3646 711 3709 loco
735 3645 860 3727 psalmi
884 3644 958 3706 baec
981 3642 1088 3705 verba
1114 3644 1163 3704 in·

214 3746 357 3827 scripta,
371 3744 610 3807 ‘Excitabitur
622 3744 802 3808 Romanus
818 3750 940 3807 contra
956 3742 1164 3818 Romanum,
1230 3780 1235 3788 -

214 3853 250 3909 et
268 3844 448 3907 Romanus
472 3843 632 3907 Romano
655 3842 907 3914 substitueturz
935 3840 1058 3903 Romae
1081 3839 1165 3903 alle-

214 3945 401 4008 viabantur
433 3943 543 4024 virgae
573 3951 763 4025 pastorum,
792 3948 827 4004 et
854 3939 1017 4003 solatium
1041 3939 1108 4002 erit
1129 3939 1164 4002 in

214 4044 311 4121 otio;
340 4042 573 4106 turbabuntur
603 4042 712 4106 seduli
741 4048 776 4104 et
798 4041 958 4116 orabunt,
986 4046 1022 4102 et
1050 4039 1084 4101 in
1115 4038 1166 4101 la-

214 4143 365 4226 chrymis
387 4141 574 4205 multorum
602 4143 666 4205 erit
690 4141 848 4224 requies;
873 4140 1012 4204 humilis
1035 4138 1165 4203 alludet
