2978 4996
384 430 524 483 suenus
547 432 816 484 rusroaraaunl.
1004 422 1069 485 117

117 589 211 653 mitis
229 593 427 673 reparavit3
453 601 499 669 et,
518 596 567 657 sic
586 592 678 658 facta
693 595 888 672 concordia,
906 596 1067 662 invitavit
1081 610 1134 649 tl>-
1147 611 1202 650 ¹²²⁸·

114 690 276 753 comitem
303 692 347 754 ad
371 711 524 756 mensam
551 712 649 757 suam
671 694 899 777 justiciarius,
923 696 959 758 in
986 716 1065 778 qua,

117 795 156 851 ut
177 789 315 866 dicitur,
338 790 429 854 idem
452 810 567 855 comcs
590 793 725 856 occulto
748 793 897 857 infectus
921 814 1066 872 veneno,

116 887 159 949 ad
177 889 357 953 castellum
379 910 479 954 suum
501 891 753 956 Saresbiriense
772 893 959 975 profectus,
975 893 1067 958 lecte

116 986 281 1051 decubuit
301 991 456 1070 graviter
483 990 688 1054 infirmatus.
743 991 984 1057 Invalescente
1009 992 1065 1056 de·

116 1105 209 1149 mum
237 1088 456 1169 aegritudine,
480 1109 559 1152 cum
583 1091 775 1155 certissima
800 1110 873 1154 suae
898 1092 992 1154 necis
1012 1092 1065 1154 in·

116 1183 207 1249 dicia
239 1188 473 1268 cognovisset,
503 1189 584 1253 fecit
610 1190 810 1272 episcopum
839 1189 993 1254 civitatis
1021 1191 1064 1254 ad

116 1303 155 1346 se
172 1286 300 1361 venire,
322 1293 361 1350 ut
377 1306 419 1350 ea
438 1306 517 1369 quae
535 1286 723 1352 Christiani
745 1290 876 1352 suntin
899 1290 1064 1353 confessi·

116 1402 182 1446 oue
204 1391 240 1448 et
261 1383 388 1449 viatico
411 1387 603 1469 susciperet
624 1396 659 1452 et
682 1388 873 1469 legitimum
896 1388 939 1451 de
961 1389 1064 1451 rebus

115 1481 243 1546 habitis
261 1484 446 1548 conficeret
466 1493 721 1552 testamentum.
769 1487 928 1552 Intrante
948 1495 1063 1551 autem

113 1580 278 1665 episcopo
304 1583 507 1663 thalamum,
533 1586 568 1649 in
597 1604 667 1669 quo
689 1586 832 1670 jacebat
858 1606 972 1651 comes
1003 1607 1064 1651 nu·

114 1679 179 1743 dus
202 1683 341 1747 omnino
365 1691 492 1766 praetcr
512 1685 714 1762 faemoralia,
741 1694 862 1749 contra
887 1706 966 1749 eum
989 1705 1065 1750 cor-

114 1798 180 1861 pus
206 1780 348 1846 Domini
372 1783 537 1849 serentem
560 1805 604 1848 ex
625 1785 714 1848 lecto
735 1784 925 1866 prosiliens,
946 1804 1064 1867 asper-

114 1879 307 1964 rimamque
322 1883 485 1963 laqueum
501 1885 593 1947 circa
610 1883 737 1947 collum
751 1892 969 1960 connectens,
984 1903 1062 1947 cum

110 1978 191 2061 jugi
214 1980 465 2064 lachrymarum
490 1982 655 2047 effusione
680 2001 717 2044 sc
738 1984 926 2063 prostravit
943 1983 980 2044 in
1001 2001 1064 2064 pa-

113 2080 314 2157 vimentum,
333 2083 457 2145 summi
475 2082 583 2162 Regis
603 2102 640 2145 se
658 2100 734 2145 csse
752 2080 962 2163 proditorem
981 2101 1064 2144 con-

113 2185 259 2257 testans,
291 2200 355 2244 nec
383 2180 425 2243 de
455 2180 533 2245 loco
562 2180 692 2245 moveri
721 2181 843 2257 voluit,
871 2180 938 2243 nisi
969 2179 1063 2244 facta

112 2278 326 2344 consessione
348 2287 384 2343 et
403 2279 532 2344 vivifici
555 2281 762 2348 sacramenti
785 2288 949 2363 percepta
970 2299 1063 2343 com·

113 2378 287 2456 munione,
303 2386 342 2442 ut
359 2399 397 2442 se
419 2380 472 2442 sui
489 2398 626 2442 servum
647 2380 844 2444 ostenderet
861 2378 1060 2457 Creatoris3

112 2478 220 2541 etsie
248 2498 311 2561 per
333 2477 406 2541 dies
437 2479 571 2560 aliquot
591 2479 628 2542 in
649 2498 811 2562 suprema
836 2497 1063 2562 perseverans

112 2577 319 2658 poenitentia
356 2578 514 2659 spiritum
552 2597 616 2642 suo
649 2579 791 2642 tradidit
824 2577 1061 2660 Redemptori.

112 2675 271 2758 Contigit
287 2683 413 2752 autem,
432 2677 536 2759 quod,
552 2676 633 2740 dum
650 2679 693 2740 de
710 2675 853 2739 castello
871 2677 914 2739 ad
936 2695 1062 2739 novam

112 2775 293 2840 ecclesiam
318 2796 504 2859 perunum
529 2777 661 2838 miliare
688 2794 812 2856 corpus
838 2774 913 2857 ejus
940 2775 985 2836 ad
1007 2780 1063 2835 tu-

113 2873 313 2938 mulandum
341 2883 551 2957 portaretur,
577 2876 680 2952 cerei,
708 2874 768 2954 qui
796 2893 875 2936 cum
898 2891 1000 2936 cruce
1027 2881 1062 2935 et

113 2973 289 3039 thuribulo
321 2975 364 3038 de
397 2994 493 3038 mere
529 2976 759 3057 portabantur
792 2973 940 3048 accensi,
973 2972 1070 3034 inter'

110 3073 308 3156 pluviarum
338 3073 521 3138 effusiones
552 3082 587 3137 et
615 3083 795 3138 ventorum
825 3073 980 3135 turbines
1009 3071 1062 3133 lu·

111 3193 191 3237 men
210 3174 408 3238 continuum
425 3174 461 3236 in
478 3174 603 3237 itinere
619 3174 874 3248 ministrabant,
891 3180 929 3235 ut
943 3179 1062 3253 aperte

110 3272 335 3337 ostenderent
359 3273 519 3337 comitem
545 3280 616 3336 tam
640 3273 746 3336 arduo
770 3273 993 3355 poenitentem
1018 3270 1061 3333 ad

111 3372 200 3435 lucis
219 3370 311 3436 filios
328 3365 527 3454 ¹pertiuere.

165 3547 255 3626 ΕΜ
268 3548 415 3634 amota
433 3548 509 3613 orla
523 3547 709 3712 F‘cpleeriom
726 3547 792 3632 νομί
808 3543 1009 3610 reconciliare

505 3657 553 3712 ato
576 3648 671 3711 uerit.

162 3765 287 3836 Venit²
313 3772 434 3837 eodem
465 3779 618 3854 tempore
651 3771 695 3834 ad
724 3788 840 3849 regern
868 3764 1062 3846 Anglorum

145 3945 154 3977 ¹
165 3948 303 4000 Pertinere.
316 3949 328 4013 ]
357 3949 409 3999 His
429 3947 533 4010 epitaph
550 3949 573 3996 is
633 3942 726 3994 ‘Venit
738 3979 745 3992 .
759 3978 766 3992 .
778 3977 786 3992 .
797 3944 829 3991 ad
837 3955 919 4002 regem
926 3939 1063 4000 Argloram

103 4016 172 4068 'thus
184 4018 261 4080 given
272 4020 304 4080 by
318 4019 411 4068 Paris:
599 4015 719 4077 magister
738 4013 832 4075 Otho]
855 4009 909 4059 The
927 4011 1062 4057 substance

108 4087 190 4137 ‘Flos
212 4089 331 4137 comitum
351 4089 495 4138 Willelmua
512 4088 574 4150 obit,
599 4085 628 4134 ol
636 4084 686 4132 tbis
701 4082 806 4144 chapter
821 4083 844 4130 is
860 4081 902 4129 the
919 4094 988 4128 same
999 4078 1062 4127 with

181 4158 258 4218 stirpe
269 4159 350 4220 regia,
359 4159 451 4219 longus
600 4154 669 4203 what
680 4152 727 4203 ua
738 4155 802 4203 been
817 4151 903 4203 before
914 4149 971 4201 auid
982 4149 1061 4200 above

127 4227 205 4275 Eusia
227 4229 346 4289 vaginam
373 4229 454 4291 coepit
480 4227 573 4276 hahere
599 4229 626 4273 at
636 4240 663 4287 p.
676 4224 733 4274 107.

180 4291 301 4348 brevem!
