2978 4996
419 460 485 525 252
675 475 808 524 nocnnr
832 475 879 520 nn
903 473 1110 522 wranovnx

258 644 388 734 3332&
420 635 601 715 increpans
634 634 728 697 illum
761 634 937 709 audacter,
965 633 1058 714 quod
1087 652 1208 714 pacem
1242 643 1376 697 sanctae

256 743 373 794 lustrari·
421 733 576 796 ecclesiae
602 733 806 808 violaverat,
835 733 1005 814 dixitque,
1031 731 1137 813 quod,
1168 732 1235 795 nisi
1260 733 1377 814 ipsum

421 852 499 895 cum
517 832 736 896 festinatione
761 851 782 895 a
805 832 953 896 vinculis
974 831 1157 895 liberatum
1184 832 1379 898 remitteret

423 930 466 994 ad
492 932 673 1014 capellam,
697 951 719 994 a
741 951 810 1014 qua
833 940 908 995 erat
932 931 1103 994 violenter
1130 930 1277 1014 ejectus,
1300 932 1377 1013 ipse

422 1050 541 1094 omnes
558 1031 661 1114 hujus
677 1031 850 1094 violentiae
869 1038 1029 1093 auctores
1044 1031 1377 1095 excommunicatio·

423 1131 477 1192 nis
500 1131 672 1194 sententia
688 1129 877 1193 innodaret.
933 1129 1012 1192 Rex
1035 1137 1164 1207 autem,
1187 1129 1270 1193 lieet
1288 1130 1378 1194 invi·

423 1237 492 1306 tae,
520 1239 652 1295 reatum
676 1248 776 1293 suum
797 1229 996 1309 intelligens
1022 1229 1153 1292 remisit
1178 1227 1376 1293 Hubertum

423 1328 467 1391 ad
484 1330 666 1411 capellam,
682 1337 729 1405 et,
748 1329 805 1391 ubi
824 1335 948 1410 captus
967 1328 1081 1391 fuerat
1098 1347 1119 1390 a
1136 1328 1306 1392 militibus
1324 1348 1376 1392 ar·

423 1429 539 1505 matis,
561 1428 754 1491 restituitur
771 1430 816 1490 ab
832 1427 960 1491 eisdem
976 1428 1098 1509 quinto
1119 1426 1289 1491 kalendas
1307 1429 1376 1493 Oc·

425 1528 532 1590 tobris
551 1548 560 1606 3
586 1547 655 1610 quo
672 1528 778 1604 facto,
794 1548 857 1591 rex
875 1526 969 1590 dedit
987 1527 1247 1590 vicecomitibus
1266 1527 1378 1592 Hert·

425 1626 543 1689 fordiae
569 1635 605 1690 et
629 1627 784 1690 Essexiae
814 1629 851 1691 in
879 1626 1052 1690 mandatis
1080 1627 1144 1689 sub
1173 1645 1281 1708 poena
1303 1647 1378 1691 sus·

425 1726 611 1806 pensionis,
632 1733 804 1808 quatenus
825 1727 861 1790 in
884 1727 1032 1808 propriis
1058 1725 1215 1808 personis
1238 1733 1275 1790 et
1298 1746 1375 1790 curn

425 1825 583 1890 omnibus
612 1827 807 1889 bominibus
836 1826 981 1889 duorum
1010 1826 1235 1889 comitatuum
1259 1828 1373 1908 capel-

426 1924 493 1987 lam
521 1926 698 1989 obsidione
719 1925 900 2001 vallarent,
923 1933 958 1988 et
981 1944 1023 1988 ne
1046 1925 1227 1988 Huberlus
1250 1926 1377 1990 evade·

428 2033 490 2101 ret,
506 2026 562 2089 vel
579 2045 599 2089 a
617 2045 791 2108 quoquam
807 2025 918 2088 cibum
937 2025 1121 2107 acciperet,
1139 2024 1376 2106 explorarent.

428 2124 476 2187 At
492 2125 711 2189 vicecomites
737 2125 885 2207 praefati,
906 2125 997 2187 sicut
1014 2125 1064 2187 eis
1089 2130 1304 2206 praeceptum
1324 2125 1378 2188 fu·

426 2232 513 2300 erat,
543 2224 587 2287 ad
615 2224 727 2286 locum
761 2225 938 2288 venientes
967 2224 1134 2306 capellam
1165 2242 1244 2286 cum
1272 2224 1377 2289 domo

427 2324 592 2404 episcopi,
613 2343 691 2404 quae
721 2342 828 2405 prope
848 2331 935 2400 erat,
956 2324 1164 2398 obsidentes,
1190 2323 1376 2388 cinxerunt

427 2422 594 2503 capellam
623 2430 658 2485 et
675 2421 788 2485 locum
811 2443 873 2505 per
894 2442 1017 2505 gyrum
1038 2422 1170 2486 fossato
1193 2423 1266 2487 lato
1290 2424 1377 2488 satis

427 2527 462 2583 et
480 2522 565 2598 alto,
586 2514 825 2586 ¹decernentes
842 2524 889 2585 ibi
906 2522 1140 2604 quadraginta
1160 2521 1295 2586 dierum
1318 2542 1378 2587 ex·

426 2621 544 2684 cubias
559 2622 753 2686 observare.
788 2622 833 2685 Et
848 2621 1029 2685 Hubertus
1043 2621 1116 2685 baec
1130 2623 1247 2685 omnia
1260 2642 1380 2705 aequa·

428 2721 564 2784 nimiter
590 2722 715 2795 ferens,
742 2740 863 2803 puram
890 2721 1020 2785 babens
1048 2722 1310 2799 conscientiam,
1339 2729 1377 2787 ut

426 2818 575 2898 dicebat,
607 2840 747 2884 causam
779 2841 876 2884 suam
912 2822 1062 2884 Domino
1090 2820 1376 2901 commendabat3

428 2940 554 3001 rogans
581 2920 714 3003 jugiter
751 2921 904 2984 divinam
940 2921 1170 2997 clementiam,
1203 2929 1376 3002 quatenus

427 3020 524 3082 illum
556 3020 599 3081 ab
628 3020 772 3083 instanti
802 3020 956 3102 periculo
985 3021 1160 3096 liberaret,
1190 3021 1377 3103 sicutipse

428 3139 532 3200 super
552 3119 668 3182 omnia
685 3119 847 3183 honorem
865 3121 957 3200 regis
978 3139 1114 3201 semper
1134 3118 1306 3184 dilexerat
1321 3140 1379 3184 ea·

430 3225 531 3280 tenus
556 3230 590 3280 et
613 3219 772 3283 salutem.
825 3218 892 3282 Sed
914 3239 976 3281 rex
999 3220 1109 3301 ipsius
1132 3219 1265 3282 meritis
1289 3220 1379 3283 male

429 3315 650 3397 respondens,
670 3318 726 3381 cui
746 3325 844 3382 tanto
866 3317 1033 3383 servierat
1051 3318 1179 3395 studio,
1194 3319 1287 3399 quod
1306 3320 1379 3403 regi

429 3416 495 3478 soli
522 3416 586 3478 sibi
614 3416 750 3497 placere
777 3415 980 3495 sufficiebat,
1010 3438 1102 3481 nunc
1129 3419 1162 3480 in
1188 3417 1251 3481 tali
1282 3425 1378 3482 statu

430 3516 641 3579 constitutus
670 3525 735 3592 ost,
767 3516 858 3599 quod
890 3537 952 3580 rex
984 3519 1142 3581 omnibus
1172 3518 1381 3599 generaliter

432 3614 619 3695 prohibuit,
637 3637 680 3679 ne
700 3616 777 3697 quis
794 3637 856 3698 pro
876 3636 917 3680 eo
935 3617 1139 3699 rogaretvel
1155 3616 1199 3680 de
1217 3616 1379 3682 Huberto

465 3840 470 3868 ¹
489 3840 672 3903 Decentium]
696 3840 778 3900 ‘Ubi
798 3855 828 3889 eo
847 3856 893 3902 per
917 3845 1025 3890 account
1035 3840 1064 3890 os
1077 3841 1119 3890 the
1137 3843 1305 3902 persultanti
1321 3859 1382 3908 enp-

432 3910 664 3971 quadragintadies
675 3910 892 3973 moramlaciente,
917 3917 973 3959 ture
984 3911 1013 3960 ol
1021 3911 1063 3960 the
1071 3911 1149 3960 fallen
1156 3913 1295 3975 justiciary
1304 3915 1330 3962 in
1339 3916 1381 3965 the

431 3981 568 4028 comitatus
579 3981 694 4029 Essexiae
712 3981 836 4041 capellam
847 3981 892 4029 ob·
917 3980 1004 4030 record
1013 3982 1163 4043 conceruing
1175 3983 1225 4031 birn
1234 3982 1382 4034 nimirem

429 4050 504 4111 sedit,
511 4054 536 4098 et
543 4050 575 4098 ad
584 4050 685 4098 modum
693 4051 791 4099 castelli
798 4050 893 4099 fossata
905 4096 907 4131 Ι
917 4050 960 4099 the
975 4051 1070 4100 Patent
1086 4051 1172 4114 noum
1197 4053 1302 4116 llymer,
1318 4055 1337 4104 i.
1355 4069 1381 4117 p.

429 4120 589 4167 circumfodit
601 4120 621 4179 3’
640 4120 733 4169 (bron.
754 4121 848 4170 Dunst.
866 4136 892 4182 p.
917 4125 976 4171 ⁴2⁰8.

429 4193 487 4238 208.
523 4189 577 4238 'l'be
599 4190 689 4240 reader
709 4192 762 4239 will
788 4190 838 4239 lind
860 4184 908 4249 an?
