2978 4996
397 465 537 515 rnonns
560 465 829 514 rnsronrnnuu.
1027 449 1094 515 283

140 640 222 703 rege
239 627 275 684 et
289 619 495 683 consiliariis
511 620 598 703 ejus.
643 618 700 683 Ab
716 640 776 684 ore
791 628 906 684 autem
920 623 1013 702 regis
1030 642 1092 687 au·
1103 636 1158 676 Ab·
1169 637 1226 675 ¹²³³·

141 721 241 796 divit,
257 728 297 783 ut
312 719 461 797 dicebat,
474 719 579 801 quod,
597 719 678 783 licet
691 718 804 783 dictus
821 738 935 784 comes
954 721 1091 786 Mares·
1103 686 1245 825 Ξὲῗοοῖιῖιξὴ·

141 819 251 884 callus
283 817 471 901 proditiose
505 818 607 881 nimis
632 823 668 880 et
688 818 804 900 inique
834 820 945 899 egerit
969 828 1091 885 contra
1102 790 1231 876 muiffl⁶

141 919 269 1002 ipsum,
284 917 326 994 si,
342 917 439 980 nulla
453 916 547 980 facta
569 917 766 981 narratione
788 917 831 981 de
854 918 971 999 aliquo
986 939 1090 1001 opere

141 1016 367 1101 praeambulo,
387 1035 427 1081 se
447 1015 554 1080 vellet
575 1016 714 1080 omnino
743 1034 936 1097 supponere
958 1018 1090 1081 miscri-

143 1115 271 1181 cordiae
301 1114 431 1178 domini
460 1114 566 1195 regis,
596 1133 660 1178 rex
689 1113 893 1178 concederet
921 1114 953 1178 ei
982 1117 1090 1180 vitam

144 1235 222 1280 enm
244 1214 417 1297 membris,
434 1220 471 1276 et
485 1221 621 1277 tantum
636 1213 679 1277 de
697 1212 981 1276 Herefordscbire
998 1214 1090 1296 quod

144 1314 224 1378 inde
240 1312 385 1377 honeste
399 1312 516 1376 vivere
529 1318 658 1393 posset.
690 1311 838 1376 Audivit
854 1313 959 1376 etiam
974 1331 995 1374 a
1013 1313 1090 1376 Sto·

144 1412 260 1494 phano
281 1412 324 1475 de
343 1411 508 1492 Segrave,
524 1411 615 1491 quod
639 1410 750 1473 forma
772 1411 1015 1474 misericordiae
1037 1431 1091 1474 re-

146 1510 320 1576 velaretur
344 1508 478 1574 dnobus
504 1509 546 1572 de
572 1509 691 1572 amicis
716 1507 926 1586 Marescalli,
948 1510 992 1573 de
1015 1509 1091 1591 qui-

145 1611 210 1673 bus
223 1608 421 1685 confideret,
435 1609 495 1690 qui
514 1608 722 1671 Marescallo
738 1608 983 1689 significarent,
999 1608 1091 1691 quod

145 1727 265 1772 secure
291 1727 329 1772 se
350 1713 468 1789 posset
491 1726 618 1788 ponere
647 1707 683 1770 in
712 1706 948 1771 misericordia
976 1707 1091 1786 regis3

146 1808 196 1871 ita
220 1813 348 1882 tamen,
371 1805 464 1888 qnod
492 1824 556 1869 nec
585 1805 651 1886 ipsi
681 1804 901 1880 Marescallo,
927 1824 990 1869 nec
1022 1805 1091 1882 alii,

146 1905 292 1969 sormam
312 1904 553 1968 misericordiae
575 1903 780 1979 revelarent,
803 1911 838 1965 ct
853 1902 903 1966 sic
928 1903 1093 1984 ignorans

147 2004 292 2067 formam
318 2003 383 2067 hoc
404 2002 544 2066 faceret.
599 2000 654 2065 Ab
683 2001 761 2065 aliis
787 2009 902 2064 autem
928 2001 971 2063 de
997 2002 1093 2064 curia

147 2102 294 2177 audivit,
311 2102 394 2183 quia
414 2100 620 2183 expediebat
643 2100 851 2165 Marescello
873 2099 987 2163 facere
1006 2119 1095 2181 prae·

146 2200 260 2277 dicta;
283 2201 366 2281 quia
382 2198 641 2279 debitum,quia
658 2198 754 2275 utile,
772 2199 854 2280 quia
868 2206 990 2262 tutum.
1022 2198 1093 2262 De-

147 2299 218 2374 bet,
240 2298 322 2380 quia
344 2297 425 2361 fecit
443 2297 605 2379 injuriam
627 2296 766 2361 domino
788 2316 877 2376 suo;
901 2298 972 2378 qui,
996 2304 1094 2361 ante-

146 2415 251 2479 quam
266 2415 328 2460 rex
344 2395 524 2459 invaderet
539 2402 666 2458 terram
682 2402 745 2458 aut
758 2416 940 2477 personam
959 2395 1093 2459 Mares·

148 2494 240 2570 mni,
259 2495 334 2577 ipse
358 2493 489 2557 invasit
509 2501 637 2557 terram
658 2493 787 2557 domini
807 2496 912 2575 regis,
934 2496 1092 2557 combus-

146 2594 205 2670 sit,
226 2592 412 2668 destruxit,
438 2602 473 2656 et
495 2591 650 2655 homines
675 2592 855 2656 interfecit.
909 2593 1005 2654 Etsi
1033 2593 1092 2657 illo

149 2690 244 2767 dicit,
262 2711 300 2755 se
326 2690 392 2754 boc
408 2690 529 2754 secisse
551 2690 595 2752 ad
613 2689 792 2753 tuitionem
813 2691 967 2771 corporis
989 2691 1043 2754 sui
1058 2700 1093 2754 et

147 2788 359 2854 baereditatis
375 2807 469 2865 suae;
494 2789 626 2865 dicunt,
640 2787 731 2869 quod
745 2808 827 2864 non,
839 2788 920 2869 quia
934 2788 970 2850 in
984 2788 1092 2868 ipsius

148 2907 273 2970 corpus
295 2895 357 2951 ant
370 2887 683 2951 exhaeredationem
698 2905 766 2950 non
781 2886 847 2950 fuit
861 2905 1012 2967 unquam
1029 2885 1092 2948 ali·

147 2986 231 3068 qnid
260 2985 502 3049 machinatum.
556 2984 632 3048 Nec
654 2986 698 3049 ob
728 2984 793 3049 boc
814 2992 930 3049 tamen
955 2983 1094 3048 deberet

149 3103 371 3166 prorumpere
396 3090 516 3148 contra
538 3082 713 3147 dominum
738 3103 851 3160 suum,
873 3083 982 3147 donec
1011 3101 1092 3146 ocu-

150 3183 224 3246 lata
249 3181 315 3246 tide
340 3188 566 3262 cognosceret
589 3202 704 3263 regem
726 3189 848 3247 contra
873 3182 986 3264 ipsum
1009 3181 1094 3245 talia

151 3281 323 3364 cogitare3
347 3288 383 3344 et
398 3299 443 3343 ex
458 3287 541 3344 tunc
555 3279 673 3344 liceret
688 3281 771 3344 talia
787 3289 1007 3363 attemptare.
1036 3278 1092 3343 Ad

150 3380 214 3446 boc
237 3378 448 3460 respondens
474 3378 703 3443 Marescallus
725 3379 823 3444 fratri
846 3378 996 3461 Agnello
1019 3378 1093 3441 dix-

151 3479 190 3555 it,
208 3476 289 3541 ‘Ad
306 3478 465 3559 primum,
481 3477 574 3560 quod
590 3477 721 3554 dicunt,
735 3477 853 3554 debeo,
869 3480 951 3560 quia
967 3486 1093 3540 terram

151 3578 243 3658 regis
261 3577 387 3651 invasi,
410 3595 479 3638 non
501 3583 555 3639 est
570 3595 710 3654 verum;
726 3575 809 3658 quia
827 3596 888 3638 rex
911 3577 997 3656 ipse,
1015 3594 1094 3638 cum

151 3693 286 3757 semper
301 3681 442 3756 paratus
456 3692 565 3736 essem
579 3681 673 3738 stare
681 3673 754 3756 juri
768 3682 803 3736 et
814 3674 946 3755 judicio
960 3672 1094 3753 parium

150 3792 303 3837 meorum
325 3772 475 3835 incuria
496 3790 572 3848 sua,
593 3779 629 3836 et
645 3792 707 3855 per
728 3772 844 3853 plures
862 3771 1094 3835 internuntios

152 3872 280 3953 pluries
297 3871 382 3952 petii
404 3871 501 3946 illud,
524 3870 615 3952 quod
632 3872 676 3934 ab
690 3870 768 3951 ipso
784 3870 866 3932 mibi
883 3887 1020 3949 semper
1035 3887 1096 3931 ex-

151 3971 241 4055 stitit
252 3969 472 4050 denegatum,
481 3977 608 4034 terram
621 3987 732 4032 meam
743 3967 910 4032 violenter
920 3968 1096 4048 ingressus

153 4075 275 4132 contra
290 4088 425 4132 ornnem
440 4069 614 4152 justitiam
631 4067 770 4132 invasit.
817 4066 883 4130 Cui
903 4085 1046 4149 sperans
1061 4066 1097 4127 in

154 4166 346 4231 bumilitate
373 4168 522 4249 placere,
550 4167 694 4232 sormam
720 4167 816 4250 pacis
845 4186 922 4231 cum
949 4186 990 4230 eo
1012 4165 1095 4228 mibi
