<?xml version="1.0" encoding="UTF-8"?>
<!DOCTYPE html PUBLIC "-//W3C//DTD XHTML 1.0 Transitional//EN"
    "http://www.w3.org/TR/xhtml1/DTD/xhtml1-transitional.dtd">
<html xmlns="http://www.w3.org/1999/xhtml" xml:lang="en" lang="en">
 <head>
  <title>
</title>
<meta http-equiv="Content-Type" content="text/html;charset=utf-8" />
  <meta name='ocr-system' content='tesseract 3.04.00' />
  <meta name='ocr-capabilities' content='ocr_page ocr_carea ocr_par ocr_line ocrx_word'/>
</head>
<body>
  <div class='ocr_page' id='page_1' title='image "./rogeridewendove02rogegoog_0346.png"; bbox 0 0 2978 4996; ppageno 0'>
   <div class='ocr_carea' id='block_1_1' title="bbox 356 442 1050 508">
    <p class='ocr_par' dir='ltr' id='par_1_1' title="bbox 356 442 1050 508">
     <span class='ocr_line' id='line_1_1' title="bbox 356 442 1050 508; baseline 0.004 -3"><span class='ocrx_word' id='word_1_1' title='bbox 356 457 496 506; x_wconf 76' lang='lat' dir='ltr'><strong>neonus</strong></span> <span class='ocrx_word' id='word_1_2' title='bbox 519 456 789 506; x_wconf 79' lang='lat' dir='ltr'><strong>nrsronrnnnn.</strong></span> <span class='ocrx_word' id='word_1_3' title='bbox 983 442 1050 508; x_wconf 77' lang='lat'><strong>336</strong></span> 
     </span>
    </p>
   </div>
   <div class='ocr_carea' id='block_1_2' title="bbox 99 614 1186 2184">
    <p class='ocr_par' dir='ltr' id='par_1_2' title="bbox 99 614 1186 2184">
     <span class='ocr_line' id='line_1_2' title="bbox 99 614 1186 698; baseline -0.002 -17"><span class='ocrx_word' id='word_1_4' title='bbox 99 615 276 682; x_wconf 87' lang='lat' dir='ltr'><strong>suavitate</strong></span> <span class='ocrx_word' id='word_1_5' title='bbox 300 615 482 694; x_wconf 81' lang='lat' dir='ltr'><strong>ferebant3</strong></span> <span class='ocrx_word' id='word_1_6' title='bbox 517 614 736 696; x_wconf 87' lang='lat' dir='ltr'><strong>phalerarum</strong></span> <span class='ocrx_word' id='word_1_7' title='bbox 762 615 899 698; x_wconf 90' lang='lat' dir='ltr'><strong>quidem</strong></span> <span class='ocrx_word' id='word_1_8' title='bbox 923 624 976 679; x_wconf 93' lang='lat' dir='ltr'><strong>tot</strong></span> <span class='ocrx_word' id='word_1_9' title='bbox 1000 618 1049 680; x_wconf 86' lang='lat' dir='ltr'><strong>eis</strong></span> <span class='ocrx_word' id='word_1_10' title='bbox 1064 632 1186 672; x_wconf 58' lang='lat' dir='ltr'><strong>aunis.</strong></span> 
     </span>
     <span class='ocr_line' id='line_1_3' title="bbox 100 713 1051 780; baseline -0.001 -1"><span class='ocrx_word' id='word_1_11' title='bbox 100 723 202 780; x_wconf 83' lang='lat' dir='ltr'><strong>erant</strong></span> <span class='ocrx_word' id='word_1_12' title='bbox 222 716 408 779; x_wconf 88' lang='lat' dir='ltr'><strong>varietates</strong></span> <span class='ocrx_word' id='word_1_13' title='bbox 433 715 469 777; x_wconf 91' lang='lat' dir='ltr'><strong>in</strong></span> <span class='ocrx_word' id='word_1_14' title='bbox 494 714 589 777; x_wconf 90' lang='lat' dir='ltr'><strong>sellis</strong></span> <span class='ocrx_word' id='word_1_15' title='bbox 615 713 792 778; x_wconf 83' lang='lat' dir='ltr'><strong>deauratis</strong></span> <span class='ocrx_word' id='word_1_16' title='bbox 818 722 854 778; x_wconf 93' lang='lat' dir='ltr'><strong>et</strong></span> <span class='ocrx_word' id='word_1_17' title='bbox 877 715 1051 779; x_wconf 82' lang='lat' dir='ltr'>subtiliter</span> 
     </span>
     <span class='ocr_line' id='line_1_4' title="bbox 101 812 1050 896; baseline -0.001 -17"><span class='ocrx_word' id='word_1_18' title='bbox 101 815 261 896; x_wconf 85' lang='lat' dir='ltr'><strong>sculptis,</strong></span> <span class='ocrx_word' id='word_1_19' title='bbox 283 833 360 877; x_wconf 92' lang='lat' dir='ltr'><strong>cum</strong></span> <span class='ocrx_word' id='word_1_20' title='bbox 376 812 494 877; x_wconf 84' lang='lat' dir='ltr'><strong>fraenis</strong></span> <span class='ocrx_word' id='word_1_21' title='bbox 507 812 683 877; x_wconf 82' lang='lat' dir='ltr'><strong>deauratis</strong></span> <span class='ocrx_word' id='word_1_22' title='bbox 706 821 742 877; x_wconf 91' lang='lat' dir='ltr'><strong>et</strong></span> <span class='ocrx_word' id='word_1_23' title='bbox 760 814 843 877; x_wconf 89' lang='lat' dir='ltr'><strong>loris</strong></span> <span class='ocrx_word' id='word_1_24' title='bbox 865 814 1050 878; x_wconf 89' lang='lat' dir='ltr'><strong>artificiose</strong></span> 
     </span>
     <span class='ocr_line' id='line_1_5' title="bbox 102 913 1052 995; baseline -0.001 -17"><span class='ocrx_word' id='word_1_25' title='bbox 102 915 316 995; x_wconf 90' lang='lat' dir='ltr'><strong>compositis,</strong></span> <span class='ocrx_word' id='word_1_26' title='bbox 334 922 373 976; x_wconf 89' lang='lat' dir='ltr'><strong>ut</strong></span> <span class='ocrx_word' id='word_1_27' title='bbox 391 922 462 977; x_wconf 91' lang='lat' dir='ltr'><strong>tam</strong></span> <span class='ocrx_word' id='word_1_28' title='bbox 483 932 590 995; x_wconf 92' lang='lat' dir='ltr'><strong>equos</strong></span> <span class='ocrx_word' id='word_1_29' title='bbox 608 932 712 995; x_wconf 91' lang='lat' dir='ltr'><strong>quam</strong></span> <span class='ocrx_word' id='word_1_30' title='bbox 730 913 865 994; x_wconf 80' lang='lat' dir='ltr'><strong>equites</strong></span> <span class='ocrx_word' id='word_1_31' title='bbox 885 914 1052 977; x_wconf 91' lang='lat' dir='ltr'><strong>mirabili·</strong></span> 
     </span>
     <span class='ocr_line' id='line_1_6' title="bbox 103 1011 1051 1093; baseline -0.003 -16"><span class='ocrx_word' id='word_1_32' title='bbox 103 1020 158 1077; x_wconf 88' lang='lat' dir='ltr'><strong>ter</strong></span> <span class='ocrx_word' id='word_1_33' title='bbox 168 1012 380 1077; x_wconf 87' lang='lat' dir='ltr'><strong>decorarent.</strong></span> <span class='ocrx_word' id='word_1_34' title='bbox 427 1011 584 1093; x_wconf 88' lang='lat' dir='ltr'><strong>Cumque</strong></span> <span class='ocrx_word' id='word_1_35' title='bbox 593 1031 654 1093; x_wconf 91' lang='lat' dir='ltr'><strong>per</strong></span> <span class='ocrx_word' id='word_1_36' title='bbox 664 1011 862 1075; x_wconf 83' lang='lat' dir='ltr'><strong>Roffensem</strong></span> <span class='ocrx_word' id='word_1_37' title='bbox 875 1013 1051 1076; x_wconf 85' lang='lat' dir='ltr'><strong>civitatem</strong></span> 
     </span>
     <span class='ocr_line' id='line_1_7' title="bbox 106 1110 1052 1186; baseline -0.002 -10"><span class='ocrx_word' id='word_1_38' title='bbox 106 1112 151 1176; x_wconf 95' lang='lat' dir='ltr'><strong>ad</strong></span> <span class='ocrx_word' id='word_1_39' title='bbox 176 1112 350 1176; x_wconf 84' lang='lat' dir='ltr'><strong>abbatiam</strong></span> <span class='ocrx_word' id='word_1_40' title='bbox 374 1111 416 1174; x_wconf 94' lang='lat' dir='ltr'><strong>de</strong></span> <span class='ocrx_word' id='word_1_41' title='bbox 442 1110 674 1175; x_wconf 88' lang='lat' dir='ltr'><strong>Feveresham</strong></span> <span class='ocrx_word' id='word_1_42' title='bbox 697 1110 950 1186; x_wconf 88' lang='lat' dir='ltr'><strong>convenissent,</strong></span> <span class='ocrx_word' id='word_1_43' title='bbox 973 1110 1052 1174; x_wconf 91' lang='lat' dir='ltr'><strong>inde</strong></span> 
     </span>
     <span class='ocr_line' id='line_1_8' title="bbox 106 1209 1053 1294; baseline -0.002 -19"><span class='ocrx_word' id='word_1_44' title='bbox 106 1210 198 1294; x_wconf 91' lang='lat' dir='ltr'><strong>apud</strong></span> <span class='ocrx_word' id='word_1_45' title='bbox 217 1211 444 1275; x_wconf 90' lang='lat' dir='ltr'><strong>Cautuariam</strong></span> <span class='ocrx_word' id='word_1_46' title='bbox 467 1210 611 1291; x_wconf 90' lang='lat' dir='ltr'><strong>profecti</strong></span> <span class='ocrx_word' id='word_1_47' title='bbox 643 1209 686 1274; x_wconf 93' lang='lat' dir='ltr'><strong>ad</strong></span> <span class='ocrx_word' id='word_1_48' title='bbox 707 1218 865 1273; x_wconf 89' lang='lat' dir='ltr'><strong>sanctum</strong></span> <span class='ocrx_word' id='word_1_49' title='bbox 883 1210 1053 1274; x_wconf 86' lang='lat' dir='ltr'><strong>Thomam</strong></span> 
     </span>
     <span class='ocr_line' id='line_1_9' title="bbox 106 1309 1054 1392; baseline -0.003 -18"><span class='ocrx_word' id='word_1_50' title='bbox 106 1309 386 1392; x_wconf 75' lang='lat' dir='ltr'><strong>archipraesulem</strong></span> <span class='ocrx_word' id='word_1_51' title='bbox 404 1316 439 1373; x_wconf 91' lang='lat' dir='ltr'><strong>et</strong></span> <span class='ocrx_word' id='word_1_52' title='bbox 456 1316 640 1390; x_wconf 82' lang='lat' dir='ltr'><strong>martyrem</strong></span> <span class='ocrx_word' id='word_1_53' title='bbox 659 1309 825 1373; x_wconf 88' lang='lat' dir='ltr'><strong>orationis</strong></span> <span class='ocrx_word' id='word_1_54' title='bbox 845 1310 960 1390; x_wconf 82' lang='lat' dir='ltr'><strong>gratia</strong></span> <span class='ocrx_word' id='word_1_55' title='bbox 977 1330 1054 1391; x_wconf 88' lang='lat' dir='ltr'><strong>per-</strong></span> 
     </span>
     <span class='ocr_line' id='line_1_10' title="bbox 106 1408 1054 1490; baseline -0.002 -17"><span class='ocrx_word' id='word_1_56' title='bbox 106 1416 296 1487; x_wconf 80' lang='lat' dir='ltr'><strong>veneruut3</strong></span> <span class='ocrx_word' id='word_1_57' title='bbox 321 1408 379 1472; x_wconf 93' lang='lat' dir='ltr'><strong>ubi</strong></span> <span class='ocrx_word' id='word_1_58' title='bbox 399 1408 570 1490; x_wconf 92' lang='lat' dir='ltr'><strong>completo</strong></span> <span class='ocrx_word' id='word_1_59' title='bbox 592 1408 785 1472; x_wconf 90' lang='lat' dir='ltr'><strong>devotionis</strong></span> <span class='ocrx_word' id='word_1_60' title='bbox 811 1410 987 1490; x_wconf 86' lang='lat' dir='ltr'><strong>obsequio,</strong></span> <span class='ocrx_word' id='word_1_61' title='bbox 1011 1410 1054 1471; x_wconf 91' lang='lat' dir='ltr'><strong>ad</strong></span> 
     </span>
     <span class='ocr_line' id='line_1_11' title="bbox 107 1507 1056 1591; baseline -0.001 -19"><span class='ocrx_word' id='word_1_62' title='bbox 107 1516 245 1591; x_wconf 88' lang='lat' dir='ltr'><strong>portum</strong></span> <span class='ocrx_word' id='word_1_63' title='bbox 269 1507 546 1571; x_wconf 84' lang='lat' dir='ltr'><strong>Sandwicensem</strong></span> <span class='ocrx_word' id='word_1_64' title='bbox 566 1508 666 1588; x_wconf 90' lang='lat' dir='ltr'><strong>quasi</strong></span> <span class='ocrx_word' id='word_1_65' title='bbox 683 1508 750 1571; x_wconf 86' lang='lat' dir='ltr'><strong>tria</strong></span> <span class='ocrx_word' id='word_1_66' title='bbox 772 1509 925 1589; x_wconf 89' lang='lat' dir='ltr'><strong>equitum</strong></span> <span class='ocrx_word' id='word_1_67' title='bbox 949 1509 1056 1572; x_wconf 91' lang='lat' dir='ltr'><strong>millia</strong></span> 
     </span>
     <span class='ocr_line' id='line_1_12' title="bbox 107 1606 1058 1689; baseline 0.001 -18"><span class='ocrx_word' id='word_1_68' title='bbox 107 1615 352 1672; x_wconf 87' lang='lat' dir='ltr'><strong>convenerunt.</strong></span> <span class='ocrx_word' id='word_1_69' title='bbox 399 1606 610 1689; x_wconf 83' lang='lat' dir='ltr'><strong>Imperatrix</strong></span> <span class='ocrx_word' id='word_1_70' title='bbox 633 1614 749 1670; x_wconf 87' lang='lat' dir='ltr'><strong>autem</strong></span> <span class='ocrx_word' id='word_1_71' title='bbox 771 1613 807 1669; x_wconf 91' lang='lat' dir='ltr'><strong>et</strong></span> <span class='ocrx_word' id='word_1_72' title='bbox 829 1607 1058 1689; x_wconf 87' lang='lat' dir='ltr'><strong>archiepisco·</strong></span> 
     </span>
     <span class='ocr_line' id='line_1_13' title="bbox 111 1705 1106 1788; baseline 0.003 -19"><span class='ocrx_word' id='word_1_73' title='bbox 111 1726 176 1788; x_wconf 90' lang='lat' dir='ltr'><strong>pus</strong></span> <span class='ocrx_word' id='word_1_74' title='bbox 199 1706 427 1781; x_wconf 88' lang='lat' dir='ltr'><strong>Coloniensis,</strong></span> <span class='ocrx_word' id='word_1_75' title='bbox 450 1725 527 1768; x_wconf 91' lang='lat' dir='ltr'><strong>cum</strong></span> <span class='ocrx_word' id='word_1_76' title='bbox 556 1705 690 1768; x_wconf 79' lang='lat' dir='ltr'><strong>caeteris</strong></span> <span class='ocrx_word' id='word_1_77' title='bbox 717 1706 800 1768; x_wconf 86' lang='lat' dir='ltr'><strong>viris</strong></span> <span class='ocrx_word' id='word_1_78' title='bbox 827 1707 1000 1770; x_wconf 90' lang='lat' dir='ltr'><strong>nobilibus</strong></span> <span class='ocrx_word' id='word_1_79' title='bbox 1022 1714 1058 1769; x_wconf 91' lang='lat' dir='ltr'><strong>et</strong></span> <span class='ocrx_word' id='word_1_80' title='bbox 1103 1769 1106 1773; x_wconf 87' lang='grc'>,</span> 
     </span>
     <span class='ocr_line' id='line_1_14' title="bbox 109 1804 1058 1888; baseline 0 -20"><span class='ocrx_word' id='word_1_81' title='bbox 109 1806 277 1869; x_wconf 89' lang='lat' dir='ltr'><strong>matronis</strong></span> <span class='ocrx_word' id='word_1_82' title='bbox 307 1804 350 1868; x_wconf 92' lang='lat' dir='ltr'><strong>ad</strong></span> <span class='ocrx_word' id='word_1_83' title='bbox 381 1805 589 1868; x_wconf 91' lang='lat' dir='ltr'><strong>conductum</strong></span> <span class='ocrx_word' id='word_1_84' title='bbox 617 1805 693 1887; x_wconf 90' lang='lat' dir='ltr'><strong>ejus</strong></span> <span class='ocrx_word' id='word_1_85' title='bbox 716 1804 915 1882; x_wconf 78' lang='lat' dir='ltr'><strong>assignatis,</strong></span> <span class='ocrx_word' id='word_1_86' title='bbox 937 1806 1058 1888; x_wconf 87' lang='lat' dir='ltr'><strong>quinto</strong></span> 
     </span>
     <span class='ocr_line' id='line_1_15' title="bbox 109 1897 1058 1984; baseline -0.001 -17"><span class='ocrx_word' id='word_1_87' title='bbox 109 1904 188 1967; x_wconf 88' lang='lat' dir='ltr'><strong>idus</strong></span> <span class='ocrx_word' id='word_1_88' title='bbox 214 1904 301 1967; x_wconf 88' lang='lat' dir='ltr'><strong>Maii</strong></span> <span class='ocrx_word' id='word_1_89' title='bbox 326 1897 450 1966; x_wconf 84' lang='lat' dir='ltr'><strong>¹naves</strong></span> <span class='ocrx_word' id='word_1_90' title='bbox 472 1903 620 1984; x_wconf 83' lang='lat' dir='ltr'><strong>ingressi</strong></span> <span class='ocrx_word' id='word_1_91' title='bbox 645 1901 730 1966; x_wconf 89' lang='lat' dir='ltr'><strong>velis</strong></span> <span class='ocrx_word' id='word_1_92' title='bbox 757 1904 956 1983; x_wconf 86' lang='lat' dir='ltr'><strong>patentibus</strong></span> <span class='ocrx_word' id='word_1_93' title='bbox 983 1922 1058 1966; x_wconf 88' lang='lat' dir='ltr'><strong>sese</strong></span> 
     </span>
     <span class='ocr_line' id='line_1_16' title="bbox 111 2000 1059 2085; baseline -0.003 -18"><span class='ocrx_word' id='word_1_94' title='bbox 111 2002 237 2085; x_wconf 85' lang='lat' dir='ltr'><strong>pelago</strong></span> <span class='ocrx_word' id='word_1_95' title='bbox 265 2001 533 2081; x_wconf 89' lang='lat' dir='ltr'><strong>commiserunt;</strong></span> <span class='ocrx_word' id='word_1_96' title='bbox 567 2021 630 2065; x_wconf 90' lang='lat' dir='ltr'><strong>nec</strong></span> <span class='ocrx_word' id='word_1_97' title='bbox 660 2000 845 2083; x_wconf 74' lang='lat' dir='ltr'><strong>lachrymae</strong></span> <span class='ocrx_word' id='word_1_98' title='bbox 876 2000 1059 2064; x_wconf 84' lang='lat' dir='ltr'><strong>defuerunt</strong></span> 
     </span>
     <span class='ocr_line' id='line_1_17' title="bbox 111 2099 1057 2184; baseline -0.002 -19"><span class='ocrx_word' id='word_1_99' title='bbox 111 2121 190 2165; x_wconf 93' lang='lat' dir='ltr'><strong>cum</strong></span> <span class='ocrx_word' id='word_1_100' title='bbox 205 2102 312 2166; x_wconf 85' lang='lat' dir='ltr'><strong>frater</strong></span> <span class='ocrx_word' id='word_1_101' title='bbox 324 2120 346 2164; x_wconf 92' lang='lat' dir='ltr'><strong>a</strong></span> <span class='ocrx_word' id='word_1_102' title='bbox 362 2120 492 2178; x_wconf 84' lang='lat' dir='ltr'><strong>sorore,</strong></span> <span class='ocrx_word' id='word_1_103' title='bbox 507 2120 570 2164; x_wconf 83' lang='lat' dir='ltr'><strong>rex</strong></span> <span class='ocrx_word' id='word_1_104' title='bbox 588 2102 632 2164; x_wconf 92' lang='lat' dir='ltr'><strong>ab</strong></span> <span class='ocrx_word' id='word_1_105' title='bbox 645 2101 874 2184; x_wconf 86' lang='lat' dir='ltr'><strong>imperatrice,</strong></span> <span class='ocrx_word' id='word_1_106' title='bbox 888 2099 1057 2163; x_wconf 87' lang='lat' dir='ltr'><strong>discessit.</strong></span> 
     </span>
    </p>
   </div>
   <div class='ocr_carea' id='block_1_3' title="bbox 215 2273 960 2358">
    <p class='ocr_par' dir='ltr' id='par_1_3' title="bbox 215 2273 960 2358">
     <span class='ocr_line' id='line_1_18' title="bbox 215 2273 960 2358; baseline -0.001 -22"><span class='ocrx_word' id='word_1_107' title='bbox 215 2273 365 2354; x_wconf 73' lang='lat' dir='ltr'><strong>Quoiaodo</strong></span> <span class='ocrx_word' id='word_1_108' title='bbox 381 2274 569 2358; x_wconf 71' lang='lat' dir='ltr'><strong>imperatris</strong></span> <span class='ocrx_word' id='word_1_109' title='bbox 585 2273 675 2358; x_wconf 81' lang='lat' dir='ltr'><strong>opud</strong></span> <span class='ocrx_word' id='word_1_110' title='bbox 691 2273 849 2337; x_wconf 77' lang='lat' dir='ltr'><strong>Coloniam</strong></span> <span class='ocrx_word' id='word_1_111' title='bbox 868 2273 960 2337; x_wconf 78' lang='lat' dir='ltr'><strong>uenit.</strong></span> 
     </span>
    </p>
   </div>
   <div class='ocr_carea' id='block_1_4' title="bbox 165 2397 1200 2487">
    <p class='ocr_par' dir='ltr' id='par_1_4' title="bbox 165 2397 1200 2487">
     <span class='ocr_line' id='line_1_19' title="bbox 165 2397 1200 2487; baseline -0.004 -25"><span class='ocrx_word' id='word_1_112' title='bbox 165 2397 422 2487; x_wconf 77' lang='lat' dir='ltr'><strong>Navigantibus</strong></span> <span class='ocrx_word' id='word_1_113' title='bbox 444 2404 558 2460; x_wconf 89' lang='lat' dir='ltr'><strong>autem</strong></span> <span class='ocrx_word' id='word_1_114' title='bbox 579 2397 660 2473; x_wconf 88' lang='lat' dir='ltr'><strong>illis,</strong></span> <span class='ocrx_word' id='word_1_115' title='bbox 683 2404 762 2477; x_wconf 91' lang='lat' dir='ltr'><strong>post</strong></span> <span class='ocrx_word' id='word_1_116' title='bbox 780 2405 850 2461; x_wconf 90' lang='lat' dir='ltr'><strong>tres</strong></span> <span class='ocrx_word' id='word_1_117' title='bbox 868 2397 940 2460; x_wconf 89' lang='lat' dir='ltr'><strong>dies</strong></span> <span class='ocrx_word' id='word_1_118' title='bbox 958 2404 993 2461; x_wconf 90' lang='lat' dir='ltr'><strong>et</strong></span> <span class='ocrx_word' id='word_1_119' title='bbox 1009 2405 1061 2460; x_wconf 89' lang='lat' dir='ltr'><strong>to·</strong></span> <span class='ocrx_word' id='word_1_120' title='bbox 1072 2409 1200 2450; x_wconf 64' lang='lat' dir='ltr'><strong>fleturus</strong></span> 
     </span>
    </p>
   </div>
   <div class='ocr_carea' id='block_1_5' title="bbox 113 2463 1206 2573">
    <p class='ocr_par' dir='ltr' id='par_1_5' title="bbox 113 2463 1206 2573">
     <span class='ocr_line' id='line_1_20' title="bbox 131 2463 1206 2511; baseline -0.017 7"><span class='ocrx_word' id='word_1_121' title='bbox 131 2497 138 2511; x_wconf 92' lang='lat'><strong>·</strong></span> <span class='ocrx_word' id='word_1_122' title='bbox 443 2497 449 2510; x_wconf 85' lang='lat'><strong>·</strong></span> <span class='ocrx_word' id='word_1_123' title='bbox 639 2497 645 2510; x_wconf 91' lang='lat'>.</span> <span class='ocrx_word' id='word_1_124' title='bbox 753 2496 758 2508; x_wconf 94' lang='lat'>.</span> <span class='ocrx_word' id='word_1_125' title='bbox 789 2496 795 2509; x_wconf 92' lang='lat'>.</span> <span class='ocrx_word' id='word_1_126' title='bbox 834 2497 841 2509; x_wconf 90' lang='lat'><strong>.</strong></span> <span class='ocrx_word' id='word_1_127' title='bbox 1072 2463 1206 2510; x_wconf 71' lang='lat' dir='ltr'><strong>ateolognet</strong></span> 
     </span>
     <span class='ocr_line' id='line_1_21' title="bbox 113 2495 1061 2573; baseline -0.002 -11"><span class='ocrx_word' id='word_1_128' title='bbox 113 2496 219 2562; x_wconf 74' lang='lat' dir='ltr'><strong>tidem</strong></span> <span class='ocrx_word' id='word_1_129' title='bbox 243 2504 361 2560; x_wconf 89' lang='lat' dir='ltr'><strong>noctes</strong></span> <span class='ocrx_word' id='word_1_130' title='bbox 385 2504 512 2559; x_wconf 84' lang='lat' dir='ltr'><strong>ostrum</strong></span> <span class='ocrx_word' id='word_1_131' title='bbox 534 2496 648 2559; x_wconf 78' lang='lat' dir='ltr'><strong>Rheni</strong></span> <span class='ocrx_word' id='word_1_132' title='bbox 666 2495 816 2558; x_wconf 84' lang='lat' dir='ltr'><strong>flummrs</strong></span> <span class='ocrx_word' id='word_1_133' title='bbox 832 2505 1061 2573; x_wconf 78' lang='lat' dir='ltr'><strong>intraverunt,</strong></span> 
     </span>
    </p>
   </div>
   <div class='ocr_carea' id='block_1_6' title="bbox 114 2594 1068 3764">
    <p class='ocr_par' dir='ltr' id='par_1_6' title="bbox 114 2594 1068 3764">
     <span class='ocr_line' id='line_1_22' title="bbox 115 2594 1060 2677; baseline -0.003 -17"><span class='ocrx_word' id='word_1_134' title='bbox 115 2602 162 2671; x_wconf 90' lang='lat' dir='ltr'><strong>et,</strong></span> <span class='ocrx_word' id='word_1_135' title='bbox 177 2594 347 2677; x_wconf 90' lang='lat' dir='ltr'><strong>completo</strong></span> <span class='ocrx_word' id='word_1_136' title='bbox 364 2595 466 2657; x_wconf 91' lang='lat' dir='ltr'><strong>unius</strong></span> <span class='ocrx_word' id='word_1_137' title='bbox 481 2595 549 2658; x_wconf 84' lang='lat' dir='ltr'><strong>diei</strong></span> <span class='ocrx_word' id='word_1_138' title='bbox 562 2603 598 2658; x_wconf 91' lang='lat' dir='ltr'><strong>et</strong></span> <span class='ocrx_word' id='word_1_139' title='bbox 612 2595 724 2658; x_wconf 90' lang='lat' dir='ltr'><strong>noctis</strong></span> <span class='ocrx_word' id='word_1_140' title='bbox 748 2614 862 2670; x_wconf 91' lang='lat' dir='ltr'><strong>cursu,</strong></span> <span class='ocrx_word' id='word_1_141' title='bbox 878 2596 970 2676; x_wconf 91' lang='lat' dir='ltr'><strong>apud</strong></span> <span class='ocrx_word' id='word_1_142' title='bbox 986 2595 1060 2660; x_wconf 90' lang='lat' dir='ltr'><strong>An·</strong></span> 
     </span>
     <span class='ocr_line' id='line_1_23' title="bbox 114 2693 1060 2776; baseline -0.003 -18"><span class='ocrx_word' id='word_1_143' title='bbox 114 2714 213 2758; x_wconf 77' lang='lat' dir='ltr'><strong>eveus</strong></span> <span class='ocrx_word' id='word_1_144' title='bbox 235 2693 487 2776; x_wconf 89' lang='lat' dir='ltr'><strong>applicuerunt,</strong></span> <span class='ocrx_word' id='word_1_145' title='bbox 508 2695 545 2756; x_wconf 93' lang='lat' dir='ltr'><strong>in</strong></span> <span class='ocrx_word' id='word_1_146' title='bbox 570 2702 662 2757; x_wconf 85' lang='lat' dir='ltr'><strong>terra</strong></span> <span class='ocrx_word' id='word_1_147' title='bbox 684 2693 816 2756; x_wconf 89' lang='lat' dir='ltr'><strong>scilicet</strong></span> <span class='ocrx_word' id='word_1_148' title='bbox 833 2694 905 2774; x_wconf 88' lang='lat' dir='ltr'><strong>juri</strong></span> <span class='ocrx_word' id='word_1_149' title='bbox 924 2695 1060 2774; x_wconf 88' lang='lat' dir='ltr'><strong>imperi-</strong></span> 
     </span>
     <span class='ocr_line' id='line_1_24' title="bbox 115 2791 1062 2876; baseline -0.004 -19"><span class='ocrx_word' id='word_1_150' title='bbox 115 2794 162 2857; x_wconf 89' lang='lat' dir='ltr'><strong>ali</strong></span> <span class='ocrx_word' id='word_1_151' title='bbox 184 2794 353 2876; x_wconf 87' lang='lat' dir='ltr'><strong>subjecta.</strong></span> <span class='ocrx_word' id='word_1_152' title='bbox 400 2791 535 2870; x_wconf 89' lang='lat' dir='ltr'><strong>Quibus</strong></span> <span class='ocrx_word' id='word_1_153' title='bbox 562 2792 816 2874; x_wconf 87' lang='lat' dir='ltr'><strong>applicantibus</strong></span> <span class='ocrx_word' id='word_1_154' title='bbox 842 2792 991 2855; x_wconf 86' lang='lat' dir='ltr'><strong>occurrit</strong></span> <span class='ocrx_word' id='word_1_155' title='bbox 1013 2792 1062 2853; x_wconf 94' lang='lat' dir='ltr'><strong>in-</strong></span> 
     </span>
     <span class='ocr_line' id='line_1_25' title="bbox 115 2889 1063 2956; baseline -0.004 -1"><span class='ocrx_word' id='word_1_156' title='bbox 115 2912 258 2956; x_wconf 90' lang='lat' dir='ltr'><strong>numera</strong></span> <span class='ocrx_word' id='word_1_157' title='bbox 279 2892 464 2955; x_wconf 92' lang='lat' dir='ltr'><strong>multitudo</strong></span> <span class='ocrx_word' id='word_1_158' title='bbox 491 2891 653 2954; x_wconf 90' lang='lat' dir='ltr'><strong>nobilium</strong></span> <span class='ocrx_word' id='word_1_159' title='bbox 683 2898 893 2953; x_wconf 85' lang='lat' dir='ltr'><strong>armatorum</strong></span> <span class='ocrx_word' id='word_1_160' title='bbox 922 2889 966 2952; x_wconf 91' lang='lat' dir='ltr'><strong>ad</strong></span> <span class='ocrx_word' id='word_1_161' title='bbox 988 2909 1063 2953; x_wconf 91' lang='lat' dir='ltr'><strong>cus·</strong></span> 
     </span>
     <span class='ocr_line' id='line_1_26' title="bbox 116 2988 1063 3072; baseline -0.005 -17"><span class='ocrx_word' id='word_1_162' title='bbox 116 2992 244 3055; x_wconf 89' lang='lat' dir='ltr'><strong>todiam</strong></span> <span class='ocrx_word' id='word_1_163' title='bbox 278 2991 505 3072; x_wconf 88' lang='lat' dir='ltr'><strong>imperatricis</strong></span> <span class='ocrx_word' id='word_1_164' title='bbox 536 2992 580 3053; x_wconf 93' lang='lat' dir='ltr'><strong>ab</strong></span> <span class='ocrx_word' id='word_1_165' title='bbox 611 2991 818 3071; x_wconf 84' lang='lat' dir='ltr'><strong>imperatore</strong></span> <span class='ocrx_word' id='word_1_166' title='bbox 848 2988 1063 3064; x_wconf 87' lang='lat' dir='ltr'><strong>transmissa,</strong></span> 
     </span>
     <span class='ocr_line' id='line_1_27' title="bbox 117 3088 1063 3173; baseline -0.004 -20"><span class='ocrx_word' id='word_1_167' title='bbox 117 3110 195 3173; x_wconf 83' lang='lat' dir='ltr'><strong>quae</strong></span> <span class='ocrx_word' id='word_1_168' title='bbox 220 3090 341 3152; x_wconf 90' lang='lat' dir='ltr'><strong>diebus</strong></span> <span class='ocrx_word' id='word_1_169' title='bbox 372 3108 412 3152; x_wconf 91' lang='lat' dir='ltr'><strong>ac</strong></span> <span class='ocrx_word' id='word_1_170' title='bbox 439 3091 596 3153; x_wconf 90' lang='lat' dir='ltr'><strong>noctibus</strong></span> <span class='ocrx_word' id='word_1_171' title='bbox 627 3089 718 3152; x_wconf 86' lang='lat' dir='ltr'><strong>circa</strong></span> <span class='ocrx_word' id='word_1_172' title='bbox 742 3108 866 3169; x_wconf 90' lang='lat' dir='ltr'><strong>corpus</strong></span> <span class='ocrx_word' id='word_1_173' title='bbox 889 3088 963 3171; x_wconf 90' lang='lat' dir='ltr'><strong>ejus</strong></span> <span class='ocrx_word' id='word_1_174' title='bbox 986 3088 1063 3150; x_wconf 91' lang='lat' dir='ltr'><strong>dili-</strong></span> 
     </span>
     <span class='ocr_line' id='line_1_28' title="bbox 117 3187 1061 3270; baseline -0.003 -18"><span class='ocrx_word' id='word_1_175' title='bbox 117 3197 239 3270; x_wconf 86' lang='lat' dir='ltr'><strong>gentes</strong></span> <span class='ocrx_word' id='word_1_176' title='bbox 262 3189 427 3251; x_wconf 80' lang='lat' dir='ltr'><strong>excubias</strong></span> <span class='ocrx_word' id='word_1_177' title='bbox 451 3188 661 3266; x_wconf 88' lang='lat' dir='ltr'><strong>celebraret;</strong></span> <span class='ocrx_word' id='word_1_178' title='bbox 689 3197 789 3251; x_wconf 87' lang='lat' dir='ltr'><strong>erant</strong></span> <span class='ocrx_word' id='word_1_179' title='bbox 812 3189 901 3251; x_wconf 91' lang='lat' dir='ltr'><strong>enim</strong></span> <span class='ocrx_word' id='word_1_180' title='bbox 925 3187 1061 3268; x_wconf 89' lang='lat' dir='ltr'><strong>quidam</strong></span> 
     </span>
     <span class='ocr_line' id='line_1_29' title="bbox 118 3286 1064 3369; baseline 0 -19"><span class='ocrx_word' id='word_1_181' title='bbox 118 3307 162 3351; x_wconf 88' lang='lat' dir='ltr'><strong>ex</strong></span> <span class='ocrx_word' id='word_1_182' title='bbox 176 3288 332 3351; x_wconf 89' lang='lat' dir='ltr'><strong>hostibus</strong></span> <span class='ocrx_word' id='word_1_183' title='bbox 348 3288 564 3369; x_wconf 87' lang='lat' dir='ltr'><strong>imperatoris</strong></span> <span class='ocrx_word' id='word_1_184' title='bbox 579 3287 652 3368; x_wconf 81' lang='lat' dir='ltr'><strong>regi</strong></span> <span class='ocrx_word' id='word_1_185' title='bbox 668 3286 875 3351; x_wconf 85' lang='lat' dir='ltr'><strong>Francorum</strong></span> <span class='ocrx_word' id='word_1_186' title='bbox 891 3287 1064 3350; x_wconf 72' lang='lat' dir='ltr'><strong>constude-</strong></span> 
     </span>
     <span class='ocr_line' id='line_1_30' title="bbox 119 3385 1065 3469; baseline 0 -19"><span class='ocrx_word' id='word_1_187' title='bbox 119 3388 198 3462; x_wconf 85' lang='lat' dir='ltr'><strong>rati‚</strong></span> <span class='ocrx_word' id='word_1_188' title='bbox 221 3394 260 3450; x_wconf 91' lang='lat' dir='ltr'><strong>ut</strong></span> <span class='ocrx_word' id='word_1_189' title='bbox 277 3385 466 3461; x_wconf 87' lang='lat' dir='ltr'><strong>dicebatur,</strong></span> <span class='ocrx_word' id='word_1_190' title='bbox 490 3386 549 3467; x_wconf 89' lang='lat' dir='ltr'><strong>qui</strong></span> <span class='ocrx_word' id='word_1_191' title='bbox 575 3387 825 3467; x_wconf 86' lang='lat' dir='ltr'><strong>imperatricem</strong></span> <span class='ocrx_word' id='word_1_192' title='bbox 848 3406 969 3469; x_wconf 85' lang='lat' dir='ltr'><strong>rapere</strong></span> <span class='ocrx_word' id='word_1_193' title='bbox 992 3408 1065 3450; x_wconf 93' lang='lat' dir='ltr'><strong>mo·</strong></span> 
     </span>
     <span class='ocr_line' id='line_1_31' title="bbox 118 3485 1065 3566; baseline 0 -18"><span class='ocrx_word' id='word_1_194' title='bbox 118 3485 302 3561; x_wconf 89' lang='lat' dir='ltr'><strong>liehantur,</strong></span> <span class='ocrx_word' id='word_1_195' title='bbox 326 3494 365 3548; x_wconf 87' lang='lat' dir='ltr'><strong>ut</strong></span> <span class='ocrx_word' id='word_1_196' title='bbox 387 3485 640 3548; x_wconf 89' lang='lat' dir='ltr'><strong>matrimonium</strong></span> <span class='ocrx_word' id='word_1_197' title='bbox 666 3485 881 3566; x_wconf 82' lang='lat' dir='ltr'><strong>impedirent.</strong></span> <span class='ocrx_word' id='word_1_198' title='bbox 935 3486 1065 3549; x_wconf 88' lang='lat' dir='ltr'><strong>Occur-</strong></span> 
     </span>
     <span class='ocr_line' id='line_1_32' title="bbox 120 3584 1067 3666; baseline -0.001 -18"><span class='ocrx_word' id='word_1_199' title='bbox 120 3592 202 3648; x_wconf 87' lang='lat' dir='ltr'><strong>runt</strong></span> <span class='ocrx_word' id='word_1_200' title='bbox 221 3584 324 3647; x_wconf 89' lang='lat' dir='ltr'><strong>etiam</strong></span> <span class='ocrx_word' id='word_1_201' title='bbox 351 3585 543 3666; x_wconf 89' lang='lat' dir='ltr'><strong>presbyteri</strong></span> <span class='ocrx_word' id='word_1_202' title='bbox 569 3603 686 3647; x_wconf 87' lang='lat' dir='ltr'><strong>omnes</strong></span> <span class='ocrx_word' id='word_1_203' title='bbox 705 3591 741 3646; x_wconf 91' lang='lat' dir='ltr'><strong>et</strong></span> <span class='ocrx_word' id='word_1_204' title='bbox 756 3584 870 3647; x_wconf 87' lang='lat' dir='ltr'><strong>clerici</strong></span> <span class='ocrx_word' id='word_1_205' title='bbox 893 3603 938 3645; x_wconf 83' lang='lat' dir='ltr'><strong>ex</strong></span> <span class='ocrx_word' id='word_1_206' title='bbox 955 3585 1067 3662; x_wconf 85' lang='lat' dir='ltr'><strong>regio·</strong></span> 
     </span>
     <span class='ocr_line' id='line_1_33' title="bbox 119 3682 1068 3764; baseline -0.002 -18"><span class='ocrx_word' id='word_1_207' title='bbox 119 3684 221 3746; x_wconf 87' lang='lat' dir='ltr'><strong>nibus</strong></span> <span class='ocrx_word' id='word_1_208' title='bbox 234 3684 486 3764; x_wconf 88' lang='lat' dir='ltr'><strong>circumpositis</strong></span> <span class='ocrx_word' id='word_1_209' title='bbox 503 3702 579 3746; x_wconf 92' lang='lat' dir='ltr'><strong>cum</strong></span> <span class='ocrx_word' id='word_1_210' title='bbox 594 3682 811 3764; x_wconf 88' lang='lat' dir='ltr'><strong>processione</strong></span> <span class='ocrx_word' id='word_1_211' title='bbox 826 3682 959 3743; x_wconf 91' lang='lat' dir='ltr'><strong>solenni</strong></span> <span class='ocrx_word' id='word_1_212' title='bbox 975 3701 1068 3744; x_wconf 89' lang='lat' dir='ltr'><strong>cam-</strong></span> 
     </span>
    </p>
   </div>
   <div class='ocr_carea' id='block_1_7' title="bbox 118 3880 1069 4295">
    <p class='ocr_par' dir='ltr' id='par_1_7' title="bbox 118 3880 1069 4295">
     <span class='ocr_line' id='line_1_34' title="bbox 158 3880 1067 3944; baseline -0.007 -10"><span class='ocrx_word' id='word_1_213' title='bbox 158 3883 286 3944; x_wconf 60' lang='grc' dir='ltr'><strong>1Ναυσι]</strong></span> <span class='ocrx_word' id='word_1_214' title='bbox 313 3886 386 3933; x_wconf 87' lang='lat' dir='ltr'><strong>From</strong></span> <span class='ocrx_word' id='word_1_215' title='bbox 404 3884 446 3933; x_wconf 84' lang='lat' dir='ltr'><strong>the</strong></span> <span class='ocrx_word' id='word_1_216' title='bbox 463 3885 534 3932; x_wconf 84' lang='lat' dir='ltr'><strong>write</strong></span> <span class='ocrx_word' id='word_1_217' title='bbox 557 3885 582 3931; x_wconf 92' lang='lat' dir='ltr'><strong>in</strong></span> <span class='ocrx_word' id='word_1_218' title='bbox 607 3896 660 3931; x_wconf 87' lang='lat' dir='ltr'><strong>was</strong></span> <span class='ocrx_word' id='word_1_219' title='bbox 679 3881 798 3930; x_wconf 78' lang='lat' dir='ltr'><strong>intended</strong></span> <span class='ocrx_word' id='word_1_220' title='bbox 817 3887 843 3929; x_wconf 84' lang='lat' dir='ltr'><strong>to</strong></span> <span class='ocrx_word' id='word_1_221' title='bbox 862 3881 926 3929; x_wconf 86' lang='lat' dir='ltr'><strong>have</strong></span> <span class='ocrx_word' id='word_1_222' title='bbox 946 3880 1008 3927; x_wconf 84' lang='lat' dir='ltr'><strong>been</strong></span> <span class='ocrx_word' id='word_1_223' title='bbox 1025 3880 1067 3928; x_wconf 71' lang='lat' dir='ltr'><strong>tlte</strong></span> 
     </span>
     <span class='ocr_line' id='line_1_35' title="bbox 120 3949 1068 4016; baseline -0.009 -12"><span class='ocrx_word' id='word_1_224' title='bbox 120 3956 215 4016; x_wconf 79' lang='lat' dir='ltr'><strong>Bymer</strong></span> <span class='ocrx_word' id='word_1_225' title='bbox 226 3959 251 4004; x_wconf 88' lang='lat' dir='ltr'><strong>to</strong></span> <span class='ocrx_word' id='word_1_226' title='bbox 263 3955 304 4003; x_wconf 84' lang='lat' dir='ltr'><strong>the</strong></span> <span class='ocrx_word' id='word_1_227' title='bbox 320 3954 409 4003; x_wconf 84' lang='lat' dir='ltr'><strong>sheriff</strong></span> <span class='ocrx_word' id='word_1_228' title='bbox 422 3953 472 4002; x_wconf 87' lang='lat' dir='ltr'><strong>and</strong></span> <span class='ocrx_word' id='word_1_229' title='bbox 489 3953 582 4002; x_wconf 86' lang='lat' dir='ltr'><strong>bailiffs</strong></span> <span class='ocrx_word' id='word_1_230' title='bbox 607 3956 663 4013; x_wconf 89' lang='lat' dir='ltr'><strong>port</strong></span> <span class='ocrx_word' id='word_1_231' title='bbox 671 3958 697 4000; x_wconf 84' lang='lat' dir='ltr'><strong>at</strong></span> <span class='ocrx_word' id='word_1_232' title='bbox 705 3951 789 4000; x_wconf 87' lang='lat' dir='ltr'><strong>which</strong></span> <span class='ocrx_word' id='word_1_233' title='bbox 801 3951 846 3999; x_wconf 87' lang='lat' dir='ltr'><strong>she</strong></span> <span class='ocrx_word' id='word_1_234' title='bbox 855 3949 946 3998; x_wconf 87' lang='lat' dir='ltr'><strong>should</strong></span> <span class='ocrx_word' id='word_1_235' title='bbox 955 3949 1068 4011; x_wconf 83' lang='lat' dir='ltr'><strong>embarlr,</strong></span> 
     </span>
     <span class='ocr_line' id='line_1_36' title="bbox 118 4018 1068 4086; baseline -0.008 -13"><span class='ocrx_word' id='word_1_236' title='bbox 118 4024 149 4073; x_wconf 81' lang='lat' dir='ltr'><strong>oi</strong></span> <span class='ocrx_word' id='word_1_237' title='bbox 156 4025 199 4073; x_wconf 86' lang='lat' dir='ltr'><strong>tha</strong></span> <span class='ocrx_word' id='word_1_238' title='bbox 219 4030 346 4086; x_wconf 86' lang='lat' dir='ltr'><strong>sea-ports</strong></span> <span class='ocrx_word' id='word_1_239' title='bbox 362 4023 392 4072; x_wconf 83' lang='lat' dir='ltr'><strong>oi</strong></span> <span class='ocrx_word' id='word_1_240' title='bbox 408 4023 515 4072; x_wconf 82' lang='lat' dir='ltr'><strong>Norfolk</strong></span> <span class='ocrx_word' id='word_1_241' title='bbox 532 4022 581 4070; x_wconf 88' lang='lat' dir='ltr'><strong>aud</strong></span> <span class='ocrx_word' id='word_1_242' title='bbox 606 4021 656 4070; x_wconf 90' lang='lat' dir='ltr'><strong>and</strong></span> <span class='ocrx_word' id='word_1_243' title='bbox 672 4020 771 4070; x_wconf 80' lang='lat' dir='ltr'><strong>theeth</strong></span> <span class='ocrx_word' id='word_1_244' title='bbox 790 4019 819 4068; x_wconf 84' lang='lat' dir='ltr'><strong>os</strong></span> <span class='ocrx_word' id='word_1_245' title='bbox 833 4019 907 4080; x_wconf 83' lang='lat' dir='ltr'><strong>April</strong></span> <span class='ocrx_word' id='word_1_246' title='bbox 919 4018 972 4083; x_wconf 89' lang='lat' dir='ltr'><strong>(die</strong></span> <span class='ocrx_word' id='word_1_247' title='bbox 988 4018 1068 4066; x_wconf 85' lang='lat' dir='ltr'><strong>Lunae</strong></span> 
     </span>
     <span class='ocr_line' id='line_1_37' title="bbox 120 4087 1069 4156; baseline -0.008 -13"><span class='ocrx_word' id='word_1_248' title='bbox 120 4094 230 4154; x_wconf 83' lang='lat' dir='ltr'><strong>Suffolk,</strong></span> <span class='ocrx_word' id='word_1_249' title='bbox 241 4100 266 4142; x_wconf 90' lang='lat' dir='ltr'><strong>to</strong></span> <span class='ocrx_word' id='word_1_250' title='bbox 278 4108 385 4156; x_wconf 85' lang='lat' dir='ltr'><strong>prepare</strong></span> <span class='ocrx_word' id='word_1_251' title='bbox 396 4099 438 4141; x_wconf 84' lang='lat' dir='ltr'><strong>ten</strong></span> <span class='ocrx_word' id='word_1_252' title='bbox 456 4093 527 4153; x_wconf 88' lang='lat' dir='ltr'><strong>ships</strong></span> <span class='ocrx_word' id='word_1_253' title='bbox 544 4091 583 4140; x_wconf 83' lang='lat' dir='ltr'><strong>ior</strong></span> <span class='ocrx_word' id='word_1_254' title='bbox 607 4093 633 4139; x_wconf 92' lang='lat' dir='ltr'><strong>in</strong></span> <span class='ocrx_word' id='word_1_255' title='bbox 644 4093 754 4141; x_wconf 87' lang='lat' dir='ltr'><strong>crastino</strong></span> <span class='ocrx_word' id='word_1_256' title='bbox 765 4091 882 4139; x_wconf 81' lang='lat' dir='ltr'><strong>instantis</strong></span> <span class='ocrx_word' id='word_1_257' title='bbox 895 4087 1016 4150; x_wconf 78' lang='lat' dir='ltr'><strong>Pascha)</strong></span> <span class='ocrx_word' id='word_1_258' title='bbox 1027 4089 1069 4136; x_wconf 85' lang='lat' dir='ltr'><strong>the</strong></span> 
     </span>
     <span class='ocr_line' id='line_1_38' title="bbox 120 4159 1069 4225; baseline -0.005 -14"><span class='ocrx_word' id='word_1_259' title='bbox 120 4163 163 4211; x_wconf 88' lang='lat' dir='ltr'><strong>the</strong></span> <span class='ocrx_word' id='word_1_260' title='bbox 184 4178 291 4225; x_wconf 80' lang='lat' dir='ltr'><strong>passage</strong></span> <span class='ocrx_word' id='word_1_261' title='bbox 311 4163 340 4212; x_wconf 83' lang='lat' dir='ltr'><strong>of</strong></span> <span class='ocrx_word' id='word_1_262' title='bbox 357 4163 398 4211; x_wconf 88' lang='lat' dir='ltr'><strong>tbe</strong></span> <span class='ocrx_word' id='word_1_263' title='bbox 421 4176 542 4222; x_wconf 78' lang='lat' dir='ltr'><strong>cmpress,</strong></span> <span class='ocrx_word' id='word_1_264' title='bbox 563 4162 583 4209; x_wconf 89' lang='lat' dir='ltr'><strong>it</strong></span> <span class='ocrx_word' id='word_1_265' title='bbox 607 4161 658 4222; x_wconf 85' lang='lat' dir='ltr'><strong>day</strong></span> <span class='ocrx_word' id='word_1_266' title='bbox 669 4162 737 4210; x_wconf 85' lang='lat' dir='ltr'><strong>lixed</strong></span> <span class='ocrx_word' id='word_1_267' title='bbox 749 4159 787 4210; x_wconf 84' lang='lat' dir='ltr'><strong>ior</strong></span> <span class='ocrx_word' id='word_1_268' title='bbox 797 4159 839 4209; x_wconf 85' lang='lat' dir='ltr'><strong>tha</strong></span> <span class='ocrx_word' id='word_1_269' title='bbox 850 4159 986 4220; x_wconf 84' lang='lat' dir='ltr'><strong>departure</strong></span> <span class='ocrx_word' id='word_1_270' title='bbox 992 4172 1001 4218; x_wconf 91' lang='lat'>;</span> <span class='ocrx_word' id='word_1_271' title='bbox 1013 4159 1031 4207; x_wconf 92' lang='lat' dir='ltr'><strong>i.</strong></span> <span class='ocrx_word' id='word_1_272' title='bbox 1043 4173 1069 4220; x_wconf 91' lang='lat' dir='ltr'><strong>p.</strong></span> 
     </span>
     <span class='ocr_line' id='line_1_39' title="bbox 119 4231 664 4295; baseline -0.004 -14"><span class='ocrx_word' id='word_1_273' title='bbox 119 4247 229 4294; x_wconf 83' lang='lat' dir='ltr'><strong>appears</strong></span> <span class='ocrx_word' id='word_1_274' title='bbox 240 4233 295 4282; x_wconf 82' lang='lat' dir='ltr'><strong>thul</strong></span> <span class='ocrx_word' id='word_1_275' title='bbox 308 4232 414 4295; x_wconf 85' lang='lat' dir='ltr'><strong>Orwell,</strong></span> <span class='ocrx_word' id='word_1_276' title='bbox 428 4232 454 4279; x_wconf 92' lang='lat' dir='ltr'><strong>iu</strong></span> <span class='ocrx_word' id='word_1_277' title='bbox 474 4231 583 4293; x_wconf 80' lang='lat' dir='ltr'><strong>Sull&#39;olk,</strong></span> <span class='ocrx_word' id='word_1_278' title='bbox 607 4234 664 4280; x_wconf 73' lang='lat'><strong>225.</strong></span> 
     </span>
    </p>
   </div>
   <div class='ocr_carea' id='block_1_8' title="bbox 0 0 1520 4996">
    <p class='ocr_par' dir='ltr' id='par_1_8' title="bbox 0 0 1520 4996">
     <span class='ocr_line' id='line_1_40' title="bbox 0 0 1520 4996; baseline 0 0"><span class='ocrx_word' id='word_1_279' title='bbox 0 0 1520 4996; x_wconf 95' lang='lat' dir='ltr'><strong> </strong></span> 
     </span>
    </p>
   </div>
  </div>
 </body>
</html>
