2978 4996
372 409 437 473 146
627 423 759 471 noenru
784 424 830 469 nn
854 422 1062 471 wunnovan

210 596 332 694 fflffia
372 582 572 662 apostolicae
593 582 684 645 sedis
705 582 843 661 legatus
866 580 907 644 P.
926 579 1164 657 Caesariensis,
1180 580 1228 644 N.
1247 580 1322 644 Na·

210 695 347 783 „elpram
372 682 536 758 zarensis,
564 688 599 744 et
632 681 679 744 N.
706 679 953 751 Narbonensis
983 679 1245 762 archiepiscopi,
1278 681 1319 743 P.

210 749 305 834 ἷῗιιῖιῖε·
372 780 622 844 Wintonieusis
644 788 680 843 et
699 779 758 842 W.
772 778 981 842 Exoniensis
1004 779 1169 861 episcopi,
1187 779 1319 860 Hospi-

372 880 453 942 talis
478 881 590 944 sancti
612 878 798 954 Johanuis,
816 878 939 941 domus
966 879 1098 941 militiae
1123 878 1260 960 Templi
1284 886 1319 941 et

372 977 569 1060 Hospitalis
593 977 874 1053 Teutonicorum,
897 977 1067 1057 magistri,
1079 978 1237 1039 omnihus
1257 977 1320 1039 has

370 1077 489 1141 literas
507 1078 713 1159 inspecturis
735 1077 771 1139 in
788 1075 938 1139 Domino
955 1075 978 1138 J
981 1096 1043 1139 esu
1063 1075 1202 1140 Christo
1225 1076 1319 1138 saln-

371 1183 449 1239 tem.
504 1176 731 1239 Universitati
756 1183 880 1238 vestrae
901 1176 1141 1238 necessitatem
1165 1183 1318 1239 nostram

370 1275 668 1349 instantissimam,
684 1282 720 1337 et
735 1273 758 1336 J
761 1292 822 1337 esu
840 1272 983 1348 Christi,
997 1274 1056 1355 qui
1070 1294 1132 1354 pro
1148 1275 1319 1337 universis

371 1374 528 1437 fidelihus
556 1374 760 1453 sanguinem
788 1392 889 1435 suum
906 1371 1007 1448 fudit,
1024 1373 1213 1453 negotium,
1227 1373 1319 1453 cogi-

371 1491 448 1534 mur
464 1472 636 1534 intimare.
690 1471 773 1534 Non
788 1473 878 1534 enim
897 1472 1027 1553 absque
1040 1472 1234 1535 intimantis
1251 1472 1319 1535 fer·

370 1589 452 1632 vore
468 1589 508 1633 ac
526 1569 706 1652 multiplici
727 1570 982 1654 lachrymarum
1003 1570 1167 1634 effusione
1182 1571 1319 1647 accidit,

370 1669 473 1750 quod,
496 1668 587 1732 sicut
607 1669 830 1750 sperabamus
845 1670 1082 1745 communiter,
1101 1670 1138 1732 in
1155 1670 1318 1751 passagio

370 1766 524 1848 Augusti
536 1788 644 1850 nuper
656 1769 834 1851 praeteriti,
848 1769 1086 1831 serenissimus
1096 1769 1150 1831 vir
1160 1768 1319 1831 dominus

369 1861 579 1948 imperator,l
591 1875 631 1931 ut
640 1868 857 1949 promiserat,
869 1868 904 1929 iu
919 1866 1054 1948 Syriam
1065 1887 1133 1931 non
1146 1867 1319 1931 transivit.

371 1964 451 2043 Quo
478 1966 609 2043 audito,
637 1966 687 2029 illi
707 1967 767 2048 qni
784 1966 860 2048 jam
883 1966 1071 2029 adventum
1088 1966 1164 2048 ejus
1187 1986 1318 2047 praeve-

370 2072 493 2127 nerant
524 2065 696 2146 peregrini
718 2065 754 2126 in
781 2063 911 2126 eisdem
934 2065 1102 2146 partibus,
1126 2065 1319 2141 audientes,

369 2164 461 2244 quod
485 2163 598 2226 dictus
622 2164 810 2244 imperator
832 2181 901 2226 uon
928 2171 1071 2227 venerat
1095 2163 1131 2226 in
1155 2165 1318 2245 passagio

369 2267 571 2335 memorato,
604 2260 682 2341 plus
710 2280 812 2342 quarn
839 2261 1070 2351 quadraginta
1096 2262 1204 2326 millia
1228 2265 1318 2326 viro·

371 2378 446 2421 rum
467 2358 606 2421 sortium
627 2360 661 2421 in
681 2359 810 2422 eisdem
826 2360 985 2435 navibus,
1006 2361 1042 2423 iu
1065 2360 1190 2441 quihus
1208 2369 1320 2425 trans-

370 2457 493 2533 ierant,
512 2457 698 2533 redierunt,
721 2459 832 2540 magis
851 2460 885 2521 in
910 2459 1046 2521 homine
1065 2478 1169 2540 quam
1192 2461 1229 2523 iu
1247 2462 1319 2525 Do·

371 2557 462 2618 mino
485 2556 707 2620 confidentes.
752 2557 808 2620 Ibi
828 2565 943 2621 tamen
966 2565 1046 2639 post
1068 2577 1184 2620 eorum
1206 2578 1319 2623 reces-

370 2674 446 2717 sum
464 2656 653 2736 octingenti
670 2656 741 2719 sere
762 2656 887 2720 milites
904 2665 1153 2733 remanserunt,
1169 2658 1319 2722 clamau-

371 2761 423 2816 tes
446 2755 652 2819 unanimiter
669 2761 704 2817 et
725 2754 889 2831 diceutes,
905 2754 995 2818 ‘Vel
1020 2763 1160 2836 treugas
1178 2776 1317 2839 rumpa-

371 2872 458 2928 mus,
479 2854 534 2917 vel
561 2854 787 2917 communiter
810 2853 1041 2932 recedamus;’
1070 2855 1129 2935 qui
1150 2873 1218 2918 non
1246 2857 1320 2920 sinc

370 2971 497 3032 magna
512 2951 713 3016 difficultate
732 2952 862 3016 detenti
885 2953 951 3015 hac
972 2954 1152 3016 occasione
1168 2954 1319 3031 suerunt,

370 3051 453 3130 quia
469 3050 522 3112 vir
545 3050 670 3112 nobilis
692 3051 764 3113 dux
789 3051 833 3114 de
857 3051 1052 3133 Lcmburgo
1074 3072 1119 3116 ex
1136 3059 1236 3134 parte
1259 3053 1319 3116 do·

370 3147 453 3208 mini
493 3147 710 3228 imperatoris
755 3158 830 3213 erat
868 3151 1035 3213 exercitui
1074 3150 1319 3232 praeferendus.

371 3244 504 3307 Habito
534 3245 641 3326 igitur
671 3248 817 3312 concilio
847 3248 999 3312 virorum
1025 3249 1256 3330 prudentium,
1284 3260 1319 3316 et

370 3344 543 3425 praecipue
570 3345 692 3408 domus
715 3345 912 3429 Hospitalis
935 3356 970 3411 et
994 3347 1130 3429 Templi
1159 3368 1200 3411 ac
1224 3348 1319 3414 Hos·

369 3442 486 3524 pitalis
501 3441 784 3520 Alamannorum,
805 3446 849 3509 de
871 3453 994 3527 treuga
1015 3447 1216 3528 rumpenda,
1233 3469 1322 3530 prae·

370 3539 461 3604 fatus
492 3541 565 3605 dux
597 3542 725 3606 faceret
754 3544 847 3625 quod
872 3544 1127 3609 Christianitati
1154 3565 1196 3610 ac
1219 3555 1320 3612 terrae

369 3650 499 3704 sanctae
521 3642 693 3706 videretur
710 3643 826 3723 potius
840 3644 1003 3725 expedire
1018 3665 1026 3722 ;
1051 3645 1168 3726 sicque
1183 3647 1321 3725 accidit,

405 3831 575 3896 ¹1mperater.]
593 3834 719 3894 Uponthe
728 3848 830 3882 reasons
856 3836 978 3898 Sanutns,
989 3853 1015 3897 p.
1027 3841 1085 3886 211.
1111 3838 1256 3889 Fullerhas
1267 3842 1322 3891 also

368 3902 467 3964 alleged
479 3904 517 3951 tor
527 3904 568 3951 the
578 3899 712 3964 emperor‘s
720 3903 795 3963 delay
804 3904 830 3951 iu
854 3911 906 3954 two
918 3907 1036 3967 chapters
1054 3921 1121 3967 upon
1136 3908 1179 3957 the
1190 3909 1322 3960 character

369 3971 487 4032 sultilling
505 3972 545 4020 his
563 3973 681 4033 promise,
697 3986 740 4021 see
756 3971 829 4023 Guil.
855 3975 883 4022 ol
892 3975 1010 4024 Frederic
1021 3976 1071 4024 and
1088 3976 1128 4024 his
1146 3980 1247 4038 quarrel
1260 3981 1321 4029 with

369 4040 429 4100 Tyr.
456 4041 603 4091 Continuat.
623 4042 648 4089 in
671 4043 786 4091 Murteae
805 4047 831 4091 et
855 4044 897 4092 the
908 4061 991 4106 pope;
1012 4045 1233 4109 Holyll'arre,iii.
1246 4047 1326 4115 §§29,

369 4109 559 4159 DurandVett.
568 4112 671 4171 Scriptt.
680 4127 704 4160 v.
715 4110 830 4170 coltl973
856 4117 896 4162 30.

370 4177 495 4237 liaynald.
507 4180 538 4227 ad
552 4195 593 4228 an.
608 4183 680 4239 1227,
692 4177 705 4243 §
717 4184 765 4240 27;
780 4181 829 4229 aad
