2978 4996
475 441 614 489 ruonns
637 442 906 490 rusronrnnuu.
1106 426 1171 491 195

215 592 366 676 planetae
391 596 599 660 conveniant
621 597 657 659 in
682 596 799 675 Libra,
821 598 958 679 eclipsis
981 600 1076 678 solis,
1099 621 1308 683 quamnim.-

216 700 326 755 totum
353 711 480 775 corpus
502 695 578 777 ejus
604 697 856 774 obscurabitur,
882 698 973 761 etin
997 702 1168 781 oppressi-

214 810 281 855 one
306 791 516 872 praecedenti
542 794 626 857 luna
650 802 726 858 tota
748 796 901 878 eclipsim
927 798 1100 878 patietur3
1132 809 1167 865 et
1198 796 1202 803 ’

216 889 282 954 erit
305 891 443 973 eclipsis
468 892 552 955 solis
583 894 675 974 ignei
704 894 829 957 coloris
854 903 889 958 et
912 895 1087 973 deformis,
1110 918 1167 961 os·

215 988 359 1052 tondens
382 990 552 1072 majorum
576 992 703 1055 bellum
724 993 877 1084 futurum
899 1013 978 1057 cum
1001 995 1166 1061 effusione

214 1087 393 1168 sanguinis
419 1108 527 1170 prope
554 1089 697 1154 fluvium
724 1092 761 1155 in
785 1100 877 1156 terra
900 1093 1042 1157 orientis
1067 1103 1101 1159 et
1122 1096 1165 1158 si-

215 1186 341 1250 militer
363 1186 399 1249 in
418 1194 510 1250 terra
533 1189 745 1269 occidentis3
769 1199 805 1254 et
825 1192 926 1254 cadet
948 1192 1107 1259 dubietas
1130 1201 1165 1258 et

213 1283 413 1364 ignorantia
432 1286 523 1349 inter
541 1287 565 1351 J
568 1289 685 1352 udaeos
705 1296 740 1352 et
758 1289 961 1366 Saracenos,
978 1290 1087 1355 donec
1111 1313 1164 1356 re·

214 1382 375 1465 linquant
390 1386 528 1467 penitus
547 1406 747 1470 synagogas
764 1396 799 1452 et
816 1388 1047 1453 mahumeticis
1070 1411 1162 1469 suaS,

213 1489 383 1546 eteorum
411 1492 508 1548 secta
527 1485 629 1567 jussu
656 1487 723 1550 Dei
748 1489 887 1569 penitus
910 1488 1106 1553 destructur
1128 1499 1164 1554 et

213 1580 480 1662 annihilabitur3
505 1584 595 1650 unde
616 1586 713 1652 vobis
735 1595 856 1654 notum
876 1588 934 1664 sit,
956 1595 1006 1663 ut,
1023 1590 1163 1669 quando

213 1678 368 1762 eclipsim
391 1682 559 1759 videritis,
591 1684 634 1747 de
658 1691 750 1748 terra
779 1687 914 1749 exeatis
944 1705 1023 1751 cum
1055 1690 1164 1752 omni-

212 1777 277 1842 bus
293 1779 445 1845 vestris!

255 1953 343 2034 Quod
350 1962 482 2040 propter
489 1964 620 2040 pacato
636 1953 793 2017 lominum
809 1972 887 2015 eruo
902 1951 977 2016 olim
991 1960 1019 2015 et
1033 1959 1120 2015 torro

405 2063 513 2118 sancto
528 2063 625 2137 copta
640 2060 729 2116 eram
743 2072 765 2115 a
782 2050 969 2115 Soloadino.

263 2174 351 2238 Erat
371 2182 487 2239 autem
514 2175 549 2237 in
572 2174 693 2238 diebus
716 2174 785 2237 illis
812 2174 922 2238 multa
943 2172 1078 2236 malitia
1100 2172 1278 2283 hossana

211 2274 341 2337 minum
367 2281 628 2356 superterram,
650 2275 701 2337 ita
728 2273 844 2355 ‘quod
868 2280 1070 2355 corruperat
1092 2255 1273 2335 sorellilllt

212 2372 323 2437 omnis
356 2391 436 2436 caro
469 2392 584 2436 coram
615 2372 764 2436 Domino
796 2372 886 2436 viam
917 2391 1017 2436 snam
1035 2371 1057 2450 ;'
1085 2373 1159 2455 jam
1173 2342 1324 2432 iiiiii?

211 2472 304 2534 enim
329 2491 370 2535 eo
395 2491 504 2553 usque
528 2471 738 2553 flagitiorum
760 2471 973 2535 consuetudo
997 2491 1161 2553 prorupe
1174 2442 1298 2493 ⁸h⁰¹'‘⁰⁹¹‘'

214 2576 270 2634 rat
294 2569 331 2633 in
361 2570 504 2652 populo,
529 2579 569 2634 ut
590 2589 722 2646 omnes,
751 2569 886 2652 abjecto
915 2570 1160 2633 erubescentia

212 2668 303 2746 velo,
336 2669 452 2750 palam
485 2675 521 2732 et
545 2669 674 2752 passim
706 2668 751 2731 ad
785 2669 902 2750 turpia
936 2668 1160 2731 declinarent.

213 2766 351 2844 eredes,
374 2768 526 2849 rapinas,
546 2767 728 2843 adulteria,
749 2766 997 2840 immunditias,
1019 2765 1161 2827 menda-

213 2867 280 2943 cia,
302 2866 527 2949 proditiones,
545 2866 788 2930 dissolutiones
812 2865 855 2927 ad
874 2865 1001 2945 turpia,
1019 2864 1160 2944 longum

213 2974 267 3029 est
290 2984 504 3042 enumerare,
530 2966 703 3048 praecipue
734 2963 847 3040 nobis,
875 2964 934 3045 qui
961 2982 1015 3025 res
1043 2970 1161 3043 gestas

211 3064 405 3128 describere
421 3063 647 3128 destinamus.
699 3063 936 3129 Veruntamen
958 3081 1036 3125 cum
1053 3061 1161 3125 hostis

213 3162 273 3227 illo
300 3164 464 3244 antiquus
492 3163 725 3246 corruptionis
754 3162 913 3245 spiritum
942 3161 1045 3242 longe
1075 3161 1163 3226 late-

213 3281 282 3344 que
304 3261 563 3326 disseminasset
579 3264 616 3326 in
635 3263 730 3337 orbe,
751 3262 936 3344 specialius
957 3269 1074 3325 tamen
1100 3260 1162 3343 Sy-

212 3361 299 3425 riam
330 3362 526 3443 occupavit,
552 3368 589 3428 et
612 3361 704 3426 unde
732 3368 868 3424 caeterae
898 3360 1056 3441 regiones
1087 3379 1163 3422 sus·

214 3467 378 3542 ceperant
401 3460 578 3541 religionis
607 3460 800 3536 exordium,
831 3460 908 3522 inde
941 3466 1023 3522 tunc
1056 3459 1162 3521 totius

213 3557 440 3622 immunditiae
478 3560 661 3623 sumebant
694 3558 902 3639 exemplum.
968 3555 1064 3618 Hinc
1096 3557 1162 3636 igi-

213 3665 271 3722 tur
294 3658 465 3721 Dominus
490 3665 525 3722 et
545 3657 707 3722 Salvator
729 3657 860 3732 mundi,
880 3664 1007 3719 terram
1035 3654 1162 3715 nativi·

213 3756 309 3833 tatis,
333 3756 504 3840 passionis
526 3764 562 3821 et
579 3756 837 3822 resurrectionis
863 3773 936 3817 suae
958 3753 993 3814 in
1016 3751 1163 3832 turpitu-

212 3854 303 3920 dinis
317 3856 480 3939 abyssum
498 3857 669 3921 corruisse
685 3855 913 3936 conspiciens,
927 3849 1163 3914 haereditatem

211 3972 310 4017 suam
328 3955 472 4038 sprevit,
491 3963 526 4019 et
545 3955 678 4037 virgam
697 3954 823 4017 furoris
840 3952 907 4027 sui,
922 3949 1082 4014 videlicet
1099 3947 1164 4010 Sa·

210 4052 400 4131 laadinum,
422 4054 459 4118 in
480 4055 667 4120 obstinatae
694 4052 808 4136 gentis
827 4050 984 4132 permisit
1001 4047 1165 4112 extermi-

210 4153 306 4219 nium
329 4152 560 4235 debaocbari3
597 4154 720 4218 maluit
743 4152 834 4218 enim
858 4159 986 4215 terram
1009 4155 1166 4215 sanctam

1016 4269 1061 4319 oi
