2978 4996
480 462 620 510 rnoans
643 463 913 514 nrsronmaun.
1102 454 1167 518 261

215 616 383 694 articulis,
406 637 428 680 a
443 637 525 700 quo,
543 620 579 682 in
597 619 707 683 sorma
729 621 947 703 procedendi,
964 623 1068 687 talem
1095 644 1165 688 me·
1178 640 1232 680 sn·
1244 641 1299 680 ¹²³²·

215 715 285 778 ruit
301 715 427 779 babere
444 717 702 800 responsionem
717 740 725 798 ;

251 888 302 952 Dc
317 887 535 954 consultatione
539 889 636 973 sacta
650 889 697 1051 ag
704 910 826 974 popum
842 912 933 974 stipor
950 890 1125 956 visitatione

599 1009 671 1071 pru
693 989 768 1051 icto.

260 1109 353 1185 ‘aa
376 1127 454 1192 quae
476 1128 539 1191 pro
562 1109 738 1190 religionis
762 1109 944 1173 honestate
966 1118 1002 1174 et
1021 1112 1161 1192 religio·
1175 1131 1298 1181 rnepopa

214 1227 331 1272 sorum
349 1209 461 1271 salute
481 1206 624 1289 provide
642 1207 857 1284 ordinantur,
873 1209 1064 1289 apostolico
1080 1218 1162 1274 sunt
1173 1181 1290 1269 {lilim

214 1307 401 1370 munimine
423 1305 629 1382 roboranda,
644 1313 685 1368 nt
700 1306 934 1388 suscipiantur
954 1307 1112 1372 devotius
1127 1318 1162 1373 et
1174 1279 1266 1320 'mm

213 1403 413 1486 diligentius
430 1405 668 1468 observentur.
716 1403 803 1468 Cum
820 1424 903 1485 ergo
920 1425 982 1487 per
999 1406 1161 1471 dilectum

214 1502 322 1566 lilium
338 1503 497 1566 abbatem
513 1503 746 1566 Montis-belli
757 1503 916 1584 quaedam
930 1504 1084 1586 capitula
1101 1526 1162 1570 no·

213 1602 267 1664 bis
278 1600 404 1665 inerint
413 1608 639 1683 praesentata,
649 1620 727 1682 quae
739 1602 784 1664 ad
798 1601 1039 1683 castigandum
1051 1612 1160 1668 trans-

213 1700 407 1781 gressiones
430 1699 638 1781 multiplices
664 1706 699 1762 et
718 1718 892 1776 excessua,
916 1720 1004 1782 quos
1026 1703 1061 1764 in
1084 1704 1161 1784 qni·

213 1797 359 1861 busdam
380 1798 548 1861 coenobiis
570 1800 762 1874 invenerat,
783 1798 989 1861 videbantur
1013 1820 1076 1882 pro
1103 1821 1159 1865 sa·

213 1896 287 1960 lnte
309 1916 350 1960 ac
372 1896 552 1960 honestate
578 1903 696 1960 nostra
721 1895 941 1959 laudabiliter
963 1899 1159 1976 statuenda,

212 2014 278 2059 nos
299 1995 491 2059 examinari
511 2001 546 2058 et
563 1995 689 2075 corrigi
707 1994 862 2071 lecimus,
884 2001 920 2056 et
940 1996 1159 2076 praecipimus

214 2101 254 2157 ut
275 2093 521 2158 inviolabiliter
544 2094 746 2170 observetis,
768 2112 846 2174 quae
870 2093 993 2174 sigillis
1015 2113 1159 2158 venera-

213 2192 332 2256 bilium
359 2192 503 2256 sratrum
528 2199 723 2255 nostrorum
752 2190 951 2255 Hosticnsis
972 2199 1008 2255 et
1024 2192 1159 2256 Tuscu-

212 2290 364 2354 lanensis
384 2291 511 2354 muniri
528 2290 671 2353 lecimus
688 2289 731 2352 ad
749 2291 932 2354 cautelam.
985 2291 1032 2354 Et
1046 2291 1158 2357 adhuc

211 2388 371 2454 volumus
388 2396 424 2452 et
437 2390 656 2471 praecipimus
672 2390 879 2453 auctoritate
900 2391 1104 2470 apostolica,
1118 2400 1158 2456 nt

211 2487 408 2551 visitatores
429 2488 473 2550 ad
494 2488 655 2569 generale
677 2488 867 2569 capitulum
891 2497 1081 2553 convocent
1095 2492 1156 2553 ab·

211 2587 321 2662 butes,
344 2594 378 2650 et
396 2587 529 2668 priores
549 2606 618 2649 non
636 2585 802 2649 habentes
824 2587 966 2649 abbates
986 2589 1155 2669 proprios,

211 2691 282 2749 tam
298 2692 479 2766 exemptos
493 2703 596 2766 quam
619 2704 688 2747 non
705 2692 897 2765 exemptos
912 2685 972 2765 qui
990 2704 1057 2747 non
1072 2704 1155 2749 con-

211 2790 398 2847 sueverunt
423 2783 611 2864 capitulum
640 2782 836 2860 celebrare3
872 2782 1094 2862 praesidentes
1118 2785 1155 2847 in

210 2882 286 2964 ipso
304 2881 458 2962 capitulo
475 2882 640 2962 generali,
656 2881 820 2943 canonico
835 2879 1079 2960 impedimento
1095 2884 1156 2944 ab·

211 2979 293 3044 lato.
347 2979 417 3043 Eos
440 2978 557 3060 igitur,
575 2980 636 3060 qui
657 2979 925 3059 contempserint
942 2979 996 3041 vel
1012 2978 1156 3060 neglex-

210 3079 300 3142 erint
318 3078 513 3154 convenire,
532 3086 689 3141 cessante
710 3077 895 3160 cujuslibet
914 3077 1156 3158 appellationis

210 3176 402 3252 obstaculo,
436 3196 497 3257 per
528 3195 708 3239 censuram
740 3175 1008 3239 ecclesiasticam
1039 3178 1156 3241 venire

210 3274 428 3357 compellant,
452 3282 488 3338 et
507 3294 616 3356 usque
642 3274 685 3337 ad
716 3274 986 3338 satisfactionem
1015 3276 1157 3356 condig-

212 3393 303 3449 nam,
330 3392 433 3455 quam
460 3373 496 3435 in
522 3392 582 3436 eos
608 3374 673 3435 rite
698 3372 851 3450 tulerint,
878 3393 948 3437 non
977 3375 1153 3454 relaxent;

211 3472 330 3536 eadem
355 3490 502 3535 censura
527 3471 664 3546 facturi,
687 3490 765 3552 quae
794 3473 830 3534 in
858 3471 977 3535 eodem
1002 3473 1154 3554 capitulo

210 3569 455 3634 deliberatione
488 3569 633 3652 provida
658 3570 786 3632 fuerint
813 3570 983 3645 ordinata,
1012 3571 1157 3634 firmiter

209 3668 407 3748 observari3
438 3668 603 3732 reddituri
622 3675 693 3731 tam
720 3668 786 3749 ipsi
814 3686 918 3748 quam
944 3667 1154 3745 visitatores,

210 3767 318 3830 etalii
337 3766 493 3850 quilibet,
514 3767 693 3830 ministerii
715 3765 877 3842 Domino,
900 3766 935 3828 in
959 3766 1059 3847 cujus
1073 3785 1155 3829 con·

209 3875 330 3947 spectu
353 3865 446 3928 nuda
471 3872 553 3929 sunt
577 3865 693 3928 omnia
719 3872 754 3927 et
778 3871 910 3944 aperta,
935 3865 970 3925 in
998 3870 1154 3927 extremo

210 3965 368 4027 examine
388 3964 578 4042 rationem;
602 3964 663 4026 sed
683 3971 718 4026 et
735 3981 870 4025 omnem
890 3960 1155 4026 sollicitudinem

210 4070 244 4125 et
260 4063 475 4144 diligentiam
501 4063 593 4125 circa
619 4062 864 4125 correctionem
887 4068 924 4123 et
943 4059 1157 4125 reformatio-

209 4179 286 4224 nem
311 4162 441 4225 ordinis
464 4162 507 4224 ad
528 4160 762 4225 visitationum
780 4160 1014 4224 coenobiorum
1041 4160 1157 4224 stude-
