2978 4996
677 449 809 497 ROGERl
835 449 880 496 llll
906 448 1111 496 WENDOVER

563 682 612 744 Do
626 689 720 743 morte
735 678 896 763 Philipp-i,
914 679 993 764 rep-ie
1005 679 1215 742 Francorum.

254 824 309 865 nn.
322 825 376 863 aas
466 804 595 868 Eodem
617 811 782 887 tempore,
804 803 897 866 circa
922 801 1048 865 festum
1069 801 1182 865 sancti
1202 800 1299 865 Petri
1321 802 1366 865 ad

256 875 323 913 llertlr
332 874 356 913 ol

255 924 323 971 Philip
332 923 357 962 oi

257 975 344 1013 Prruca.

414 904 564 981 vincula,
584 903 778 986 Philippus,
794 921 856 965 rex
877 902 1101 978 Francorum,
1121 895 1228 964 ¹diem
1242 900 1369 966 clausit

415 1012 620 1079 extremum,
643 1002 743 1085 cujus
769 1008 914 1065 mortem
936 1009 1070 1065 cometa
1094 1000 1219 1065 ardens
1246 1007 1283 1063 et
1301 1000 1368 1062 cri·

415 1104 502 1180 nita,
514 1122 592 1185 qum
608 1102 712 1183 paulo
727 1108 809 1164 ante
822 1108 1040 1181 apparuerat,
1055 1099 1242 1178 indicavit3
1266 1098 1367 1180 cujus

416 1203 513 1266 obitu
532 1201 725 1282 divulgato,
750 1198 938 1275 Esuriens,
961 1217 1024 1262 rex
1042 1197 1249 1280 Auglorum,
1274 1198 1369 1262 misit

416 1301 711 1382 archiepiscopum
742 1297 1027 1362 cantuariensem
1053 1317 1131 1361 cum
1156 1297 1268 1360 tribus
1296 1296 1369 1379 epi·

418 1397 532 1480 scopis
549 1398 593 1461 ad
610 1397 831 1461 Lodowicum
852 1396 961 1459 lilium
982 1395 1068 1479 ejus,
1091 1396 1166 1479 jam
1189 1396 1224 1458 in
1250 1414 1367 1477 regem

417 1504 632 1574 coronatum,
661 1504 859 1560 constanter
885 1514 1025 1577 rogans
1051 1502 1092 1559 ut
1118 1494 1275 1558 redderet
1302 1494 1368 1559 sibi

420 1595 669 1659 Normanniam
692 1614 769 1659 cum
793 1594 871 1658 aliis
888 1594 989 1658 terris
1011 1592 1262 1669 transmarinis,
1278 1593 1369 1656 sicut

413 1688 612 1778 juraverat²
632 1695 668 1757 iu
686 1713 821 1758 recessu
840 1712 904 1756 suo
921 1693 964 1757 de
980 1712 1088 1775 regno
1099 1691 1249 1774 Angliee,
1260 1710 1369 1773 quau-

418 1794 463 1857 do
481 1812 552 1876 pax
567 1792 660 1858 iacta
676 1793 790 1856 fuerat
804 1792 895 1856 inter
909 1794 1021 1875 ipsum
1039 1799 1074 1856 et
1085 1811 1201 1873 regem
1218 1789 1369 1872 Angliae,

419 1891 744 1978 [consentientibus]
763 1893 983 1973 magnatibus
1003 1892 1185 1955 universis.
1222 1890 1278 1954 Ad
1295 1889 1369 1954 lraec

419 1992 626 2056 Lodowicus
644 1990 855 2075 respondeus
879 1990 980 2067 dixit,
1003 2010 1041 2054 se
1061 1989 1312 2054 Normonniam
1334 1995 1370 2053 et

419 2099 530 2155 terras
559 2091 646 2154 alias
665 2091 761 2174 juste
784 2089 971 2173 possidere,
991 2090 1081 2153 sicut
1103 2088 1284 2153 ostendere
1305 2106 1369 2170 pa·

419 2197 516 2253 ratus
539 2191 604 2253 erit
625 2190 662 2251 iu
692 2189 789 2252 curia
813 2206 889 2266 sua,
915 2189 946 2252 si
973 2208 1036 2252 rex
1058 2187 1197 2269 Angliae
1223 2188 1267 2251 ad
1292 2205 1369 2250 eam

419 2288 567 2352 voluerit
589 2288 706 2349 venire
731 2297 765 2351 et
781 2286 907 2350 ibidem
926 2286 998 2370 juri
1018 2306 1151 2369 parere.
1210 2286 1370 2368 Respon-

421 2385 472 2449 dit
486 2394 666 2467 praeterea,
687 2385 778 2468 quod
795 2386 1029 2468 jurameutum
1046 2385 1081 2448 in
1096 2384 1226 2468 Anglia
1238 2386 1368 2449 fuctum

421 2503 467 2547 ex
496 2491 595 2565 parte
622 2485 713 2566 regis
734 2485 927 2566 Anglorum
951 2485 1066 2549 fuerat
1085 2484 1265 2561 violatum,
1289 2483 1369 2547 dum

421 2583 566 2666 imprisii
590 2584 656 2660 sui,
679 2584 739 2666 qui
761 2584 854 2666 apud
878 2583 1092 2648 Lincolniam
1110 2584 1204 2667 capti
1221 2583 1371 2659 fueraut,

421 2682 465 2745 ad
499 2682 766 2765 redemptionem
798 2684 1039 2764 gravissimam
1072 2690 1154 2747 suut
1182 2682 1371 2764 compulsi3

422 2780 464 2845 de
488 2782 706 2846 libertatibus
733 2789 849 2845 autem
870 2782 968 2863 regni
988 2781 1139 2862 Angliae‚
1161 2800 1225 2864 pro
1246 2781 1372 2863 quibus

421 2900 548 2962 guerra
564 2888 660 2945 mota
676 2880 800 2956 luerat,
817 2900 896 2962 quae
911 2881 946 2943 iu
963 2899 1101 2943 recessu
1119 2898 1182 2943 suo
1197 2898 1371 2943 concessae

421 2986 520 3042 erant
535 2987 570 3041 et
586 2979 630 3041 ab
647 2979 804 3042 omnibus
820 2979 961 3061 juratae,
983 2978 1034 3042 ita
1056 2986 1171 3042 actum
1196 2985 1260 3055 est,
1279 2978 1371 3060 quod

423 3095 491 3138 non
510 3075 622 3138 solum
645 3076 714 3139 illae
736 3076 830 3157 leges
853 3079 1012 3160 pessimae
1032 3077 1076 3140 ad
1101 3084 1229 3141 statum
1255 3078 1373 3160 pristi-

421 3192 503 3234 num
540 3181 622 3236 suut
651 3173 815 3252 reductae,
841 3176 900 3239 sed
932 3183 968 3240 et
999 3175 1068 3239 illis
1100 3176 1283 3259 nequiores
1312 3195 1373 3261 per

423 3277 533 3332 totum
558 3291 702 3352 reguum
731 3273 868 3356 Angliae
897 3283 980 3340 sunt
1004 3275 1213 3356 generaliter
1242 3274 1371 3339 consti·

422 3375 518 3432 tutae.
550 3369 653 3447 Quod
671 3372 850 3437 audientes
865 3374 1143 3456 archiepiscopus
1157 3381 1193 3437 et
1206 3374 1371 3458 episcopi,

421 3486 499 3530 cum
534 3469 627 3532 eliud
665 3490 866 3554 responsum
904 3472 1030 3536 habere
1059 3473 1300 3555 nequiverant,
1328 3472 1373 3536 ad

422 3569 562 3649 propria
582 3576 663 3633 sunt
687 3571 828 3647 reversi,
850 3572 925 3653 regi
947 3571 1087 3653 Angliae
1110 3590 1152 3635 eo
1175 3590 1254 3653 quae
1276 3571 1374 3635 audi·

423 3674 522 3729 erant
537 3666 733 3731 referentes.

458 3854 465 3885 ¹
476 3858 550 3906 Diem
560 3856 647 3908 clausit
659 3862 816 3925 extremum]
836 3863 883 3911 See
910 3863 985 3924 llym.
998 3878 1025 3925 p.
1039 3866 1104 3924 lts;
1121 3864 1176 3925 but,
1187 3878 1216 3913 es
1233 3864 1317 3927 Rupiu
1329 3865 1373 3913 ob·

422 3925 463 3975 his
481 3927 611 3978 character
626 3930 661 3991 by
676 3932 819 3991 Rrito,end
831 3933 885 3993 epi·
909 3946 1005 3993 serves,
1025 3933 1066 3981 ‘it
1087 3934 1110 3981 is
1132 3948 1193 3995 very
1215 3933 1295 3995 likely
1314 3934 1374 3996 they

422 3994 500 4057 tuph3
518 3998 633 4047 Boedas
645 3999 884 4063 Hist.xril.p.llb.
909 4016 976 4050 were
1006 4002 1148 4063 stipuluted
1177 4003 1203 4050 iu
1228 4002 1270 4051 the
1293 4009 1376 4053 secret

909 4072 1019 4132 articles,
1037 4073 1107 4121 since
1124 4072 1166 4120 the
1183 4071 1281 4121 Freuch
1298 4071 1376 4122 histo·

457 4128 629 4196 Uarrum]
652 4136 733 4185 'lbere
745 4139 885 4187 conditione
908 4141 977 4189 riuus
1004 4142 1037 4190 do
1066 4146 1108 4191 not
1135 4142 1236 4203 scruple
1264 4146 1290 4189 to
1316 4157 1375 4191 orm

423 4199 456 4246 do
467 4206 510 4248 not
520 4215 615 4263 appear
626 4205 652 4252 iu
664 4206 705 4254 tlrc
717 4210 808 4268 treaty,
819 4222 848 4256 us
860 4208 885 4255 iu
909 4208 995 4259 them)
