2978 4996
210 627 266 668 Μ).
277 630 332 668 lm.

208 678 255 717 'l'lrc
263 689 334 728 erupe-

208 727 258 766 ror'r
271 728 334 768 letter

207 781 230 816 to
239 778 320 826 fleury.

371 445 436 510 190
621 463 754 510 uoouar
780 462 826 508 uu
850 461 1058 509 wnuuovua

371 636 508 699 cunque
529 618 689 707 grandes,
710 637 773 681 nec
793 626 1002 700 permotum
1024 617 1188 699 aliquem,
1207 618 1320 682 facere

371 716 547 798 hucusque
575 718 676 782 modo
701 717 855 799 quolibet
880 724 1078 800 potuerunt.
1132 717 1190 781 Ne
1212 718 1320 798 igitur

370 816 576 879 desiderium
599 824 752 881 vestrum
777 817 902 897 longus
926 836 1039 879 sermo
1063 816 1122 878 diu
1144 824 1264 881 teneat
1282 818 1317 879 in

369 934 551 996 suspenso,
571 910 764 979 ¹sauctitati
776 923 900 978 vestrae
917 915 1073 996 cupimus
1091 934 1166 978 esse
1184 924 1318 992 notum,

370 1013 462 1094 quod
477 1034 540 1078 uos
557 1015 723 1078 habentes
738 1033 835 1097 spem
853 1021 1006 1077 nostram
1021 1015 1058 1077 in
1072 1014 1149 1078 Deo
1160 1014 1316 1091 firmiter,

370 1119 405 1174 et
421 1113 601 1177 credentes
616 1113 707 1196 quod
722 1113 745 1176 J
749 1133 828 1177 esus
846 1112 1006 1177 Christus
1024 1113 1135 1186 Filius
1151 1114 1241 1196 ejus,
1255 1132 1317 1194 pro

369 1212 469 1294 cujus
494 1213 635 1277 servitio
658 1232 783 1294 corpus
807 1221 842 1276 et
864 1213 997 1276 animas
1017 1212 1242 1293 exposuimus
1266 1213 1316 1275 sic

369 1309 503 1388 devote,
532 1332 595 1375 nos
627 1313 664 1375 in
687 1319 758 1375 tam
784 1312 913 1392 ignotis
937 1319 972 1374 et
998 1313 1139 1376 remotis
1165 1312 1316 1393 regioni·

368 1409 433 1472 bus
457 1431 526 1474 non
548 1411 768 1493 relinqueret,
791 1411 875 1492 quin
898 1410 1019 1475 saltem
1043 1431 1107 1491 pro
1130 1410 1260 1475 honore
1282 1418 1318 1473 et

369 1507 482 1588 gloria
500 1517 536 1572 et
553 1510 656 1573 laude
679 1529 744 1574 sua
765 1509 947 1573 consilium
972 1518 1008 1573 et
1025 1509 1195 1572 auxilium
1216 1510 1315 1572 nobis

370 1609 535 1672 tribueret
559 1610 739 1687 salutar03
769 1609 806 1671 in
833 1608 942 1690 ipsius
967 1615 1083 1671 autem
1110 1609 1248 1672 nomine
1272 1609 1315 1671 ab

369 1704 493 1772 Achon
511 1708 734 1790 procedentes
750 1707 956 1771 fiducialiter
968 1708 1090 1788 quinto
1107 1707 1241 1771 decimo
1257 1707 1313 1770 die

369 1808 496 1870 mensis
530 1807 738 1871 Novembris
770 1807 928 1889 proximo
958 1806 1123 1888 praeteriti
1149 1825 1315 1888 prospere

370 1906 525 1968 venimus
553 1907 646 1989 apud
670 1907 822 1988 Joppeu,
851 1913 902 1980 ut,
924 1913 1039 1969 castro
1065 1905 1132 1968 loci
1159 1905 1315 1987 ejusdem

370 2004 578 2069 reaedificato
603 2006 739 2069 fortiter
769 1998 826 2068 ²ut
853 2004 1008 2079 decebat,
1030 2005 1066 2066 in
1096 2003 1315 2066 Hierusalem

369 2112 526 2167 sanctam
546 2104 722 2167 civitatem
747 2103 850 2166 cundi
874 2103 1104 2185 postmodum,
1120 2110 1193 2166 tam
1214 2103 1315 2166 nobis

369 2222 472 2283 quam
497 2202 589 2264 omui
614 2203 742 2284 populo
767 2202 977 2278 Christiano,
1004 2222 1074 2265 nou
1097 2201 1210 2266 solum
1232 2201 1315 2265 faci·

369 2300 446 2377 lior,
469 2302 572 2364 immo
594 2301 731 2364 brevior
754 2309 788 2365 et
804 2302 968 2375 securior,
990 2308 1125 2382 pateret
1142 2318 1313 2364 accessus.

370 2397 485 2478 Igitur
507 2401 571 2462 sub
588 2399 714 2463 fiducia
740 2401 866 2464 divinae
892 2400 965 2482 spei
989 2400 1088 2463 uobis
1112 2399 1205 2481 apud
1228 2399 1315 2483 Jop·

368 2515 436 2582 pen
456 2498 696 2576 existentibus,
723 2507 758 2564 ct
778 2519 883 2582 super
909 2499 1174 2563 reaedificatione
1196 2500 1313 2574 castri,

369 2605 472 2677 prout
498 2599 661 2680 exigebat
685 2599 733 2675 rei
763 2599 951 2662 necessitas
978 2604 1013 2661 et
1036 2616 1142 2660 causa
1171 2597 1313 2674 christi,

367 2696 625 2761 intendentibus
639 2698 831 2779 magnifice,
849 2705 889 2760 ut
903 2698 1058 2773 decebat,
1080 2696 1162 2759 dum
1177 2716 1200 2759 a
1216 2698 1313 2762 nobis

368 2803 404 2859 et
430 2798 619 2879 peregrinis
649 2797 807 2862 omuibus
843 2796 989 2860 sollicite
1022 2802 1208 2876 agerentur
1241 2795 1314 2860 haec

368 2897 497 2973 omnia,
516 2897 559 2959 de
577 2896 728 2960 Soldano
749 2895 953 2978 Babyloniae
968 2894 1011 2957 ad
1035 2914 1110 2970 noS,
1125 2902 1161 2958 et
1177 2914 1199 2957 a
1215 2895 1314 2958 nobis

368 2994 412 3056 ad
439 2994 628 3058 Soldauum
656 2995 815 3069 eundem,
843 2994 955 3057 nuntii
982 2993 1099 3075 plures
1125 3002 1159 3056 et
1183 2993 1312 3075 pluries

367 3101 538 3156 venerunt
558 3100 593 3156 et
614 3093 787 3156 redierunt
807 3093 885 3156 hinc
906 3092 1008 3169 inde3
1040 3093 1114 3173 ipse
1135 3093 1261 3156 etenim
1279 3101 1314 3156 et

367 3191 457 3253 alius
478 3191 661 3268 soldanus,
681 3193 740 3273 qui
760 3192 910 3274 Xapbat
931 3191 1069 3268 dicitur,
1095 3192 1203 3255 frater
1225 3193 1313 3276 ejus,

367 3289 458 3369 opud
492 3290 668 3354 civitatem
698 3290 831 3355 Gazam
864 3290 1026 3354 diffusum
1058 3290 1224 3354 habentes
1253 3310 1313 3354 ex·

367 3388 510 3451 ercitum
540 3389 634 3453 dieta
665 3410 735 3453 una
763 3389 939 3454 distabant
966 3408 987 3452 a
1016 3389 1135 3466 uobis;
1169 3409 1215 3453 ex
1245 3391 1314 3453 alia

366 3505 449 3552 vero
484 3498 582 3570 purte
616 3491 652 3552 in
685 3489 827 3553 civitate
859 3488 996 3564 Sichen,
1027 3507 1105 3570 quae
1144 3487 1312 3571 Neapolis

366 3586 472 3668 vulgo
504 3587 701 3652 nominatur
730 3588 823 3651 etin
850 3588 1100 3669 campestribus
1134 3586 1220 3651 locis
1242 3588 1313 3652 sita

365 3693 430 3762 est,
462 3687 634 3752 Soldanus
663 3687 838 3762 Damasci,
866 3706 973 3768 nepos
1001 3706 1132 3762 eorum,
1155 3705 1234 3750 cum
1260 3688 1312 3750 in·

365 3804 507 3850 numera
533 3786 753 3850 multitudine
784 3786 931 3849 militum
957 3793 993 3848 et
1013 3786 1169 3868 peditum
1198 3787 1312 3867 gentis

401 3991 408 4022 ¹
421 3993 585 4057 dualitati]
610 3994 664 4042 The
686 3995 780 4043 reviset·
797 3994 826 4042 of
847 3995 929 4054 Wutu,
940 3992 1109 4043 ‘sinceritati'
1121 3993 1172 4042 had
1181 3995 1245 4044 been
1254 3996 1314 4045 sub·

362 4078 409 4112 our
424 4066 579 4124 manuscript
589 4064 636 4112 bas
651 4064 756 4113 marked
771 4064 823 4113 tbis
848 4063 961 4114 stituted.

362 4134 432 4181 word
444 4134 482 4182 lor
492 4134 637 4182 correction.
674 4133 823 4183 lutbetlot·
882 4130 893 4163 ²
907 4134 943 4182 Ut
959 4132 1078 4197 decebat]
1096 4134 1153 4182 ‘Ut
1169 4129 1314 4184 dicebatur'

362 4206 404 4250 tou
427 4202 484 4253 MS.
504 4203 534 4251 ot
554 4203 639 4265 Puris,
658 4203 766 4253 colleted
788 4205 822 4264 by
847 4203 873 4250 iu
887 4204 919 4253 C.
