2978 4996
316 442 359 504 14
583 455 716 502 noonnr
740 455 787 501 nn
810 454 1014 502 wnuoovun

154 630 277 671 sonu·
316 616 419 679 minis
445 615 480 677 in
504 634 545 679 eo
568 633 783 697 suspensam,
806 612 957 676 brachiis
979 611 1123 677 elevatis
1147 619 1183 674 ct
1205 631 1268 674 ex·

318 714 438 790 tensis,
467 733 545 777 cum
578 713 742 777 infixione
775 711 952 775 clavorum
980 711 1017 773 in
1045 710 1205 773 manibus
1232 717 1268 774 et

317 813 462 895 pedibus
488 819 524 875 ct
546 813 659 894 capite
686 811 873 890 inclinat03
903 817 938 873 et
962 809 1036 873 haec
1065 809 1179 872 media
1200 808 1268 872 suit

317 913 408 976 inter
437 911 536 987 alias,
564 912 600 974 in
630 910 754 992 quibus
785 910 938 990 corporis
968 907 1110 972 humani
1135 905 1266 988 effigies

318 1030 387 1073 non
412 1011 624 1092 apparebat:
659 1010 728 1072 alia
759 1027 897 1090 quoque
918 1008 993 1071 vice
1018 1014 1054 1069 et
1079 1006 1148 1070 alio
1177 1007 1267 1083 loco,

317 1109 354 1172 in
371 1108 456 1173 villa
482 1108 614 1172 scilicet
636 1107 770 1183 Frisiae,
790 1126 868 1188 quae
893 1105 1088 1169 Fuscrhuse
1110 1104 1265 1187 appella·

318 1215 387 1284 tur,
410 1227 497 1271 crux
525 1207 688 1290 apparuit
710 1206 817 1288 juxta
839 1205 946 1269 solem
971 1204 1109 1267 caerulei
1128 1203 1266 1280 eoloris,

318 1313 354 1369 et
378 1306 468 1368 hanc
496 1305 611 1386 plures
639 1323 744 1387 quam
778 1305 924 1385 priorem
949 1302 1129 1367 viderunt:
1162 1302 1267 1366 tertia

319 1404 481 1485 apparuit
498 1404 535 1465 in
555 1402 639 1465 villa
663 1402 848 1477 Doctham,
868 1403 993 1483 inqua
1012 1402 1135 1465 beatus
1155 1400 1264 1463 Boni-

320 1501 429 1564 sacius
456 1501 622 1582 martyrio
648 1501 782 1564 exstitit
803 1505 1009 1576 coronatus;
1033 1500 1092 1562 ubi
1116 1498 1265 1562 infesto

319 1598 475 1682 ejusdem
507 1600 680 1682 martyris,
707 1617 785 1661 cum
813 1599 924 1662 multa
953 1597 1127 1662 homiuum
1157 1596 1266 1660 millia

319 1699 569 1773 convenissent,
595 1698 672 1762 visa
702 1704 755 1760 est
777 1715 862 1761 crux
894 1715 1021 1777 magua
1045 1704 1080 1759 et
1102 1696 1194 1772 alba,
1224 1714 1273 1780 ac,

319 1796 349 1858 si
382 1798 499 1861 trabes
531 1816 576 1859 ex
607 1796 753 1861 adverso
784 1795 891 1859 trabis
922 1794 1148 1858 artificialiter
1182 1814 1266 1858 con-

318 1902 451 1959 structa
478 1894 624 1972 suisset;
655 1896 859 1959 movebatur
886 1900 1003 1957 autem
1032 1893 1198 1975 paulatim
1222 1892 1267 1955 ab

318 1994 478 2074 aquilone
503 1993 546 2056 ad
575 1994 754 2071 orientem,
779 2000 816 2057 ct
836 1993 926 2055 hauc
953 1992 1064 2056 multa
1090 1991 1265 2054 hominum

317 2092 426 2155 millia
451 2100 717 2173 conspexerunt.

512 2264 561 2326 De
575 2261 728 2326 obsidione
743 2263 840 2326 castri
856 2261 892 2325 de
908 2261 1078 2326 Memorat.

371 2383 440 2447 Per
461 2385 551 2447 idem
575 2392 721 2467 tempus,
741 2394 822 2466 post
844 2384 1048 2449 Paschalem
1069 2384 1267 2448 solemnita·

274 2480 279 2491 '
319 2489 400 2558 tem,
437 2491 644 2564 procurante
676 2483 853 2548 Willelmo
890 2485 926 2546 M
931 2482 1134 2559 areschallo,
1176 2485 1267 2564 regis

318 2589 450 2643 rectore
483 2589 518 2644 et
551 2584 651 2662 regni
681 2581 833 2663 Angliee,
866 2589 1100 2645 convenerunt
1127 2582 1171 2644 ad
1204 2582 1266 2645 ob·

317 2677 496 2741 sidendum
547 2689 700 2744 castrum
743 2680 786 2743 de
833 2680 1013 2744 Munsorel
1059 2679 1266 2761 Ranulpbus

317 2795 430 2840 comes
467 2776 623 2856 Cestriae‚
653 2779 849 2844 Willelmus
886 2797 1000 2842 comes
1030 2777 1265 2855 Albcmarliae,

317 2873 513 2938 Willclmus
551 2896 665 2940 comes
703 2876 746 2940 de
789 2876 969 2952 Ferrariis,
1010 2877 1184 2939 Robertus
1222 2877 1265 2940 de

317 2972 569 3055 Veteri-ponte,
588 2977 761 3038 Briennus
782 2973 825 3036 de
842 2973 974 3049 Insula,
994 2973 1052 3037 W.
1068 2974 1111 3037 de
1134 2974 1264 3038 Cante-

316 3070 412 3152 lupo,
449 3071 633 3153 Philippus
675 3072 798 3147 Marci,
839 3072 1014 3135 Robertus
1051 3071 1094 3134 de
1134 3071 1264 3154 Gaugi,

319 3168 498 3232 Falcasius
522 3189 599 3233 cum
623 3169 822 3233 castellanis
848 3171 934 3247 suis,
957 3177 993 3234 ct
1018 3170 1076 3233 alii
1096 3170 1197 3234 multi
1218 3191 1264 3235 ex

316 3266 486 3348 praesidiis
511 3276 714 3344 castrorum,
737 3269 808 3349 qui,
832 3268 1011 3333 collocatis
1038 3267 1205 3330 machinis
1227 3271 1264 3333 in

317 3364 401 3428 locis
425 3367 599 3447 congruis,
621 3367 750 3429 dictum
773 3366 954 3430 castellum
980 3367 1106 3430 acriter
1125 3367 1263 3430 invase-

316 3470 409 3525 runt.
479 3465 562 3528 Erat
594 3483 748 3528 summus
773 3465 809 3527 iu
841 3465 984 3528 castello
1018 3464 1192 3529 Henricus
1221 3467 1264 3530 de

318 3561 497 3640 Braibroc,
516 3574 552 3626 et
567 3563 684 3626 decem
704 3563 830 3627 milites
848 3583 925 3627 cum
945 3583 998 3640 co,
1017 3563 1082 3627 viri
1097 3565 1262 3628 strenuis-

317 3661 407 3737 simi,
422 3681 499 3724 cum
516 3662 744 3725 servientibus
761 3662 892 3737 multis,
906 3663 966 3743 qui
981 3661 1138 3723 hostibus
1154 3663 1265 3726 assili-

316 3759 452 3821 entibus
469 3759 601 3842 lapides
622 3779 685 3841 pro
703 3760 886 3841 lapidibus,
906 3760 977 3822 tela
996 3777 1059 3840 pro
1077 3758 1166 3835 telis,
1185 3762 1265 3824 viri-

315 3857 394 3920 liter
412 3858 635 3936 rcmiserunt3
658 3857 782 3921 inclusi
797 3877 946 3940 quoque,
962 3877 1038 3920 cum
1057 3876 1120 3938 per
1136 3859 1264 3923 multos

315 3953 387 4017 dics
409 3963 562 4019 castrum
582 3956 828 4033 defendissent,
843 3977 886 4020 ne
900 3957 989 4021 forte
1011 3956 1117 4037 longa
1138 3957 1264 4021 obsidi-

314 4072 380 4115 one
397 4053 541 4117 deficcre
557 4064 776 4136 cogerentur,
791 4056 958 4120 miserunt
971 4056 1014 4119 ad
1032 4055 1187 4130 Sacrum,
1203 4076 1262 4120 co-

313 4152 431 4214 mitem
452 4152 739 4232 wintoniensem,
768 4156 827 4237 qui
853 4161 934 4219 tuuc
963 4154 1151 4220 Londouiis
1176 4163 1263 4232 erat,
