2978 4996
368 430 435 497 262
624 444 759 493 uocaui
784 445 832 491 un
854 443 1061 493 wnunovun

208 617 332 683 suoru·
371 608 433 664 ant
446 600 619 665 adhibere.
672 600 783 663 Porro
802 618 881 662 cum
900 598 1110 674 visitatores,
1131 596 1322 661 secundum

208 668 353 775 Ϋιὲεαρῗῖιῗιίο
372 707 507 763 statuta
534 699 705 781 generalis
733 698 881 775 concilii,
911 698 947 760 in
975 697 1129 778 generali
1156 697 1321 760 abbatum

210 766 339 874 2¹}ssde
373 798 526 879 capitulo
545 797 775 879 processerint
796 796 841 858 ad
863 794 1074 859 visitationis
1096 793 1247 858 officium
1262 814 1323 858 ex-

211 869 282 904 m'
374 897 599 980 sequendum,
615 895 657 958 de
672 902 768 957 statu
785 893 1070 957 monasteriorum
1088 900 1124 957 et
1138 893 1321 957 observan-

374 995 427 1058 dis
451 994 668 1075 regularibus
685 992 914 1056 observantiis
936 993 1118 1073 diligenter
1133 992 1321 1075 inquirant,

375 1099 411 1156 et
434 1099 506 1155 tam
535 1092 571 1154 in
605 1090 844 1173 spiritualibus
875 1109 979 1172 quam
1010 1091 1047 1152 in
1071 1089 1320 1172 temporalibus

375 1192 550 1271 corrigant
573 1196 608 1252 et
630 1189 815 1252 reforment
831 1207 909 1270 quae
933 1187 1081 1251 viderint
1096 1186 1321 1268 corrigenda3

376 1290 426 1352 ita
443 1288 535 1371 quod
552 1287 739 1350 monachos
754 1286 992 1368 delinquentes
1015 1305 1077 1368 per
1093 1286 1239 1350 abbates
1255 1286 1321 1350 loci

377 1387 503 1468 corrigi
523 1385 665 1462 saciant,
682 1387 799 1467 eisque
815 1385 952 1467 injungi
973 1385 1213 1467 poenitentiam
1230 1384 1322 1447 salu-

377 1493 498 1560 tarem,
511 1483 618 1566 juxta
636 1484 730 1548 beati
752 1483 932 1547 Benedicti
951 1483 1105 1565 regulam
1127 1490 1163 1547 et
1180 1489 1321 1566 aposto·

376 1582 445 1645 lica
468 1583 641 1657 instituta,
663 1589 699 1645 et
721 1601 792 1646 non
816 1582 1003 1645 secundum
1028 1599 1181 1644 normam
1205 1599 1323 1662 pravae

376 1680 647 1756 consuetudinis,
669 1699 747 1763 quae
763 1680 837 1763 jam
860 1700 923 1762 pro
944 1680 1021 1761 lege
1041 1679 1247 1762 quibusdam
1269 1698 1324 1743 ec-

377 1779 491 1843 clesiis
507 1779 663 1843 inolevit.
704 1778 779 1861 Ipsi
792 1778 897 1842 etiam
911 1778 1108 1843 visitatores
1123 1777 1322 1854 monachos,

378 1897 465 1959 quos
492 1885 713 1942 contumaces
747 1878 940 1941 invenerint
969 1885 1004 1941 et
1032 1877 1187 1953 rebelles,
1216 1877 1324 1961 juxta

376 1977 515 2040 modum
532 1977 657 2058 culpae,
670 1977 745 2041 vice
760 1984 891 2053 nostra,
906 1976 1056 2056 regulari
1069 1994 1217 2039 censura
1232 1995 1323 2039 com·

377 2075 510 2156 pellant
526 2076 657 2156 absque
679 2093 903 2157 personarum
921 2074 1068 2150 delectu,
1087 2093 1157 2137 non
1179 2092 1320 2157 parcen·

378 2173 422 2237 do
445 2172 628 2236 rebellibus
650 2174 694 2236 ob
720 2192 819 2236 suam
841 2173 1066 2255 pertinaciam
1090 2173 1146 2237 vel
1172 2173 1322 2255 potenti·

378 2290 434 2333 am
457 2271 657 2346 amicorum,
679 2271 763 2353 quin
783 2290 883 2335 ovem
909 2271 1099 2334 morbidam
1121 2271 1265 2354 ejiciant
1279 2271 1322 2335 ab

378 2367 473 2443 ovili,
491 2387 535 2430 ne
549 2367 682 2431 inficiat
696 2388 780 2432 oves
800 2388 914 2433 sanas.
966 2369 1004 2432 Si
1022 2389 1104 2433 vero
1124 2371 1269 2434 abbatas
1286 2370 1322 2433 in

378 2465 602 2546 corrigendis,
621 2466 729 2548 juxta
750 2466 968 2531 visitatorum
990 2467 1190 2532 mandatum
1213 2477 1250 2533 et
1270 2486 1322 2531 re·

378 2562 514 2644 gularia
546 2564 718 2641 instituta,
755 2565 878 2648 seipsis
912 2567 1028 2631 suisve
1064 2565 1244 2630 monacbis
1273 2568 1321 2629 in·

377 2663 473 2726 venti
499 2662 627 2725 suerint
647 2663 874 2745 negligentes,
896 2666 1163 2746 proclamentur,
1185 2662 1323 2746 corripi·

378 2769 493 2838 antur,
519 2770 554 2824 et
576 2761 626 2825 ita
648 2761 837 2843 puniantur
861 2762 997 2843 publice
1023 2764 1061 2827 in
1087 2763 1241 2845 capitulo
1264 2782 1321 2844 ge·

377 2859 497 2937 uerali,
521 2861 614 2942 quod
634 2878 739 2940 poena
760 2879 878 2924 eorum
901 2861 947 2925 sit
963 2861 1041 2924 aliis
1059 2861 1094 2924 in
1113 2862 1320 2943 exemplum.
1399 2857 1403 2866 '

378 2956 490 3020 Prout
511 2958 541 3020 si
565 2958 671 3021 abbas
697 2957 835 3040 aliquis,
863 2978 933 3022 non
958 2966 1151 3041 exemptuS,
1177 2959 1281 3024 suerit
1301 2978 1322 3023 a

377 3055 615 3119 visitatoribus
642 3056 744 3119 nimis
768 3055 946 3139 negligens
969 3064 1005 3122 et
1022 3058 1184 3121 remissus
1202 3058 1321 3122 inven-

378 3162 446 3230 tus,
469 3153 503 3215 id
528 3152 595 3217 loci
622 3153 806 3218 diocesano
830 3155 1034 3220 denuntient
1055 3155 1129 3219 sine
1156 3174 1266 3234 mora,
1288 3163 1322 3221 et

377 3269 439 3331 per
470 3250 567 3313 illum
601 3251 701 3315 detur
729 3254 761 3315 ei
786 3253 874 3316 fidus
905 3262 940 3317 et
962 3255 1112 3336 prudens
1140 3254 1321 3338 coadjutor

377 3350 554 3429 usquead
581 3351 771 3431 capitulum
795 3353 968 3433 generale.
1021 3350 1124 3432 Quod
1146 3352 1177 3415 si
1202 3353 1321 3435 dilapi-

376 3445 478 3509 dator
504 3446 666 3512 iuventus
690 3449 805 3528 suerit,
828 3459 891 3515 aut
907 3451 993 3515 alias
1015 3451 1137 3516 merito
1160 3470 1321 3516 amoven-

376 3544 453 3622 dus,
481 3564 542 3627 per
564 3547 797 3625 diocesauum,
819 3557 1003 3632 postquam
1027 3548 1093 3613 sibi
1120 3566 1143 3611 a
1162 3549 1320 3615 visitato·

376 3644 471 3706 ribus
493 3644 596 3726 fuerit
615 3644 867 3725 denuntiatum,
890 3655 1093 3711 amoveatur
1116 3647 1249 3729 absque
1266 3648 1320 3732 ju·

375 3741 542 3807 diciorum
568 3745 715 3825 strepitu
742 3763 765 3808 a
785 3746 950 3827 regimine
973 3745 1122 3810 abbatiae
1148 3753 1185 3811 et
1207 3764 1231 3811 a
1252 3764 1321 3811 mo-

376 3841 549 3919 nasterio;
574 3842 796 3924 provideatur
815 3845 952 3909 interim
973 3843 1234 3909 administrator
1252 3845 1322 3909 ido-

375 3957 472 4017 neus,
498 3940 558 4023 qui
582 3942 823 4023 temporalium
849 3961 966 4007 curam
989 3950 1101 4024 gerat,
1124 3942 1236 4007 donec
1257 3942 1322 4027 ipsi

373 4039 583 4102 monasterio
605 4038 709 4103 suerit
723 4039 767 4104 de
788 4042 913 4106 abbate
931 4043 1119 4125 provisum.
1171 4040 1323 4120 Quodsi

372 4133 487 4199 l'orsan
503 4138 684 4221 episcopus
700 4139 764 4204 hoc
779 4139 922 4224 implere
946 4141 1096 4206 noluerit
1106 4139 1162 4206 vel
1180 4141 1324 4223 neglex-
