2978 4996
402 469 447 532 22
661 481 794 529 aocnnr
819 482 867 528 na
890 480 1096 529 wranovaa

244 660 298 700 an·
311 657 367 698 ινιτ.
406 641 523 717 etiam,
543 639 647 722 quod,
665 639 695 702 si
713 637 853 716 vellent,
876 646 1064 721 potuerunt
1081 637 1276 718 ingressum
1296 635 1357 701 ha·

244 709 315 750 aad·
323 709 347 748 ot

244 758 340 800 Llucclu.

406 743 488 804 bere
508 759 570 823 per
591 739 816 822 posterulam,
838 758 917 820 quae
934 745 1077 820 propter
1098 737 1286 800 adventum
1302 757 1360 800 eo·

408 860 484 903 rum
511 837 625 902 fuerat
642 837 717 922 jam
743 845 888 920 aperta;
922 836 1031 900 atilli
1053 854 1213 918 peream
1236 836 1358 900 nolue-

409 947 491 1003 runt
504 957 623 1003 omnes
638 939 780 1014 intrare,
800 936 861 1000 sed
879 935 1047 999 miserunt
1064 935 1260 999 Falcasium
1278 955 1358 999 cum

409 1038 547 1119 agmine
567 1044 642 1102 toto
664 1038 720 1101 cui
743 1043 902 1119 praeerat,
922 1043 1048 1099 etcum
1071 1034 1259 1098 balistariis
1282 1053 1356 1098 om·

410 1139 523 1214 nibus,
546 1137 606 1218 qui
635 1143 772 1218 portam
801 1135 954 1200 civitatis
978 1134 1102 1198 saltem
1129 1152 1234 1197 unam
1260 1153 1359 1198 exer-

410 1236 495 1300 citui
526 1235 711 1318 aperirent.
781 1233 916 1298 Deinde
949 1233 1061 1297 omnis
1094 1232 1280 1297 multitudo
1313 1232 1359 1296 ad

410 1343 546 1417 portam
568 1353 607 1397 se
627 1334 861 1415 aquilonarem
884 1333 1064 1397 conserens
1085 1332 1181 1395 illam
1206 1331 1359 1395 confrin-

411 1453 494 1514 gere
517 1433 679 1510 vacavit;
713 1451 777 1495 nec
803 1438 945 1515 propter
974 1430 1048 1495 haec
1073 1432 1220 1494 barones
1246 1449 1361 1495 cessa·

412 1534 496 1595 bant
521 1532 564 1595 de
589 1531 749 1613 petrariis
776 1530 820 1594 ad
842 1531 1022 1595 castellum
1045 1529 1178 1612 lapides
1202 1530 1359 1594 emittere

412 1631 634 1713 ponderosos.
705 1629 772 1694 Sed
812 1630 992 1695 Falcasius
1031 1630 1168 1694 interim
1206 1636 1359 1693 castrum

412 1749 490 1794 cum
512 1731 661 1812 agmine,
676 1729 732 1793 cni
748 1736 907 1812 praeerat,
928 1748 970 1793 ac
989 1728 1177 1793 balistariis
1199 1727 1359 1792 omnibns

413 1830 592 1910 ingressus
624 1828 749 1892 statuit
777 1848 838 1892 eos
867 1827 983 1892 subito
1015 1847 1122 1910 supra
1151 1845 1267 1891 muros
1298 1825 1360 1890 do·

414 1947 544 1991 morum
585 1937 620 1992 et
653 1928 688 1990 in
723 1927 994 2010 propugnaculis
1031 1926 1148 2003 castri,
1179 1927 1239 2008 qui
1266 1926 1361 1990 illico

414 2027 484 2091 tela
504 2026 680 2091 mortifera
701 2027 737 2090 in
757 2028 953 2091 dextrarios
977 2027 1145 2092 baronum
1172 2024 1361 2105 dirigentes

413 2145 520 2208 equos
545 2145 622 2190 cum
648 2126 839 2190 sessoribus
859 2126 931 2189 suis
953 2132 1219 2207 prostraverunt
1236 2125 1274 2187 in
1290 2132 1360 2188 ter·

414 2243 500 2302 ram,
522 2226 573 2289 ita
595 2224 686 2306 quod
705 2225 805 2306 quasi
826 2224 863 2288 in
884 2225 957 2289 ictu
974 2225 1066 2288 oculi
1088 2223 1240 2306 peditum
1260 2242 1362 2288 max·

413 2325 530 2399 imam,
558 2323 706 2387 militum
731 2341 772 2386 ac
796 2331 1010 2405 magnatum,
1035 2322 1289 2387 multitudinem
1314 2323 1362 2386 ef·

415 2423 581 2485 fecerunt.
633 2420 766 2486 Videns
795 2430 911 2487 autem
935 2423 1116 2487 Falcasins
1144 2441 1189 2486 ex
1217 2421 1363 2485 nobilio-

414 2521 509 2584 ribus
531 2521 806 2584 adversariornm
829 2541 970 2586 suornm
989 2522 1156 2605 plurimos
1179 2521 1361 2585 interram

415 2626 619 2701 prostratos,
638 2621 796 2702 prorupit
813 2620 856 2684 de
877 2628 992 2685 castro
1012 2640 1090 2686 cum
1108 2621 1180 2684 suis
1198 2619 1363 2684 audacter

415 2719 449 2781 in
471 2719 622 2783 medium
641 2718 812 2800 hostium;
840 2719 901 2783 sed
925 2722 969 2784 ab
991 2719 1201 2784 irruentibus
1222 2719 1260 2782 in
1283 2738 1361 2784 eum

414 2817 607 2898 legionibus
637 2825 761 2902 captus
794 2826 847 2884 est
876 2826 912 2883 et
941 2818 1124 2895 abductus,
1155 2818 1265 2882 donec
1300 2837 1364 2901 per

413 2919 621 2998 probitatem
662 2918 918 2982 balistariorum
959 2936 1001 2983 ac
1042 2918 1189 2981 militum
1222 2936 1362 2983 suorum

414 3014 579 3080 liberatus
612 3023 676 3080 est.
740 3016 881 3080 Interea
910 3016 1018 3081 moles
1049 3017 1156 3081 totius
1189 3017 1363 3081 exercitus

415 3115 519 3193 regis,
536 3114 656 3197 januis
681 3114 833 3179 civitatis
860 3116 941 3181 licet
959 3135 1037 3180 cnm
1056 3114 1259 3180 difficultate
1283 3135 1363 3182 con·

415 3211 546 3289 fractis,
578 3213 695 3277 villam
724 3214 921 3295 ingrediens
951 3215 1116 3281 audacter
1142 3215 1302 3297 prorupit
1325 3215 1362 3279 in

415 3310 543 3375 hostes.
594 3311 694 3376 Tunc
720 3314 854 3378 videres
881 3315 990 3396 igitur
1021 3335 1066 3378 ex
1095 3314 1221 3379 ictibus
1252 3314 1364 3394 gladi·

415 3428 512 3472 orum
547 3412 666 3492 igneas
700 3414 857 3493 prosilire
888 3413 1057 3478 scintillas
1088 3420 1124 3477 et
1151 3412 1196 3476 ad
1223 3412 1362 3476 modum

416 3508 559 3571 tonitrui
594 3509 766 3575 horribilis
794 3512 975 3576 fulminare
1004 3520 1125 3576 contra
1153 3513 1269 3594 capita
1301 3531 1364 3593 ga-

415 3607 530 3687 leata3
560 3609 620 3672 sed
639 3609 776 3673 tandem
799 3630 862 3692 per
883 3611 1091 3688 balistarios,
1115 3629 1260 3693 quorum
1283 3630 1364 3692 pro·

414 3708 523 3771 bitate
537 3709 628 3789 equi,
643 3709 677 3770 in
693 3709 817 3790 quibus
834 3710 1001 3774 sedebant
1014 3712 1174 3787 barones,
1188 3710 1265 3774 telis
1283 3728 1363 3774 con-

415 3805 498 3870 fossi
521 3815 604 3871 sunt
630 3815 665 3871 et
687 3807 731 3871 ad
757 3808 868 3872 instar
892 3828 1074 3891 porcorum
1091 3809 1258 3892 jugulati,
1282 3827 1364 3890 pars

414 3904 581 3969 baronum
604 3905 670 3970 fuit
692 3908 830 3989 penitus
851 3908 1036 3985 infirmata,
1067 3927 1201 3989 nempe,
1224 3908 1363 3990 qnando

414 4006 492 4084 equi
511 4005 547 4067 in
567 4013 693 4070 terram
711 4016 914 4072 corruerunt
929 4007 1113 4083 interfecti,
1135 4025 1288 4072 sessores
1305 4026 1364 4071 eo·

413 4121 488 4164 ram
509 4105 744 4185 capiebantur,
767 4126 845 4169 cum
868 4127 935 4171 non
962 4115 1054 4171 esset
1074 4107 1134 4190 qui
1154 4124 1214 4170 eos
1240 4106 1365 4170 libera·

413 4207 476 4264 ret.
529 4201 683 4266 Tandem
710 4224 788 4267 cum
815 4206 907 4288 regis
936 4206 1068 4284 militia,
1094 4206 1282 4271 baronibus
1307 4225 1365 4287 pe
