2978 4996
396 478 537 528 rnonrs
562 480 831 530 nrsronrnnnn.
1044 468 1088 533 35

134 635 214 698 dam
245 636 484 718 episcoporum
517 656 557 700 ac
590 647 792 720 magnatum
824 658 901 702 cnm
926 640 1028 702 terris
1051 647 1220 704 etA·1>·¹²¹⁸·

133 737 422 816 possessionibus
456 744 578 802 contra
615 739 707 819 regis
746 736 1011 820 prohibitionem
1050 747 1085 803 et

133 833 271 897 illorum
288 836 517 912 voluntatem,
538 835 692 900 detinere
710 843 1004 919 praesumpserunt
1019 838 1086 901 eis·

132 931 236 1014 dem;
262 935 355 997 inter
376 953 464 1016 quos
487 932 664 998 Robertus
683 936 726 999 de
747 934 877 1016 Gaugi,
900 943 980 1017 post
997 936 1085 999 mul-

134 1038 188 1094 tas
225 1033 318 1113 regis
352 1033 613 1108 admonitiones,
644 1034 825 1097 castellnm
857 1034 899 1096 de
937 1033 1084 1098 Newerc

134 1149 212 1192 cum
237 1131 321 1195 villa
343 1138 418 1194 tota
446 1138 481 1194 et
504 1132 734 1213 pertinentiis,
756 1151 833 1213 quae
854 1132 897 1195 ad
920 1132 980 1215 jus
1005 1132 1084 1195 Hu-

132 1227 246 1309 gonis,
264 1228 517 1293 Lincolniensis
541 1231 707 1312 episcopi,
725 1231 942 1312 spectabant,
958 1231 989 1294 ei
1005 1231 1081 1294 red·

132 1326 214 1390 dere
238 1328 459 1392 contradixit.
513 1328 568 1391 Ex
601 1348 671 1410 qua
701 1349 738 1393 re
767 1348 917 1411 magnus
947 1329 1082 1394 Mares-

132 1423 266 1489 challus
293 1427 330 1490 in
360 1426 633 1507 indignationem
658 1447 790 1506 versus,
813 1429 959 1511 jubente
989 1448 1082 1510 rege,

132 1526 323 1589 exercitum
351 1526 518 1606 grandem
547 1527 785 1608 congregavit,
818 1534 935 1610 atquo,
963 1527 1081 1590 eodem

134 1617 234 1704 rego¹
265 1625 402 1701 comite,
431 1624 475 1687 ad
507 1626 688 1689 castellum
715 1625 918 1708 praedictum
950 1624 1084 1689 hostili-

131 1728 185 1785 ter
212 1723 378 1802 accessit3
410 1729 457 1800 et,
480 1742 559 1787 cum
582 1724 721 1788 tandem
744 1724 1082 1807 appropinquassent

131 1819 176 1883 ad
205 1822 399 1899 castellum,
426 1823 670 1904 praemiserunt
692 1830 855 1900 armatos,
878 1829 918 1886 ut
940 1823 1082 1886 inclusis

131 1919 266 1984 exitum
291 1920 553 2003 praecluderent,
582 1941 637 1999 ne,
663 1921 754 1985 sicut
779 1920 854 1984 fieri
888 1919 989 1997 solet,
1018 1941 1080 1984 ex·

131 2026 254 2083 euntes
292 2019 412 2083 villam
453 2019 591 2102 injectis
634 2020 772 2102 ignibus
811 2025 1080 2082 concremarent.

132 2115 231 2194 Quos
257 2137 336 2181 cum
366 2117 542 2184 Robertus
574 2119 718 2202 ejusque
746 2116 996 2182 commilitones
1021 2135 1080 2179 ve·

131 2215 206 2278 nire
225 2217 482 2298 cognovissent,
506 2217 666 2281 exierunt
688 2236 765 2280 cum
788 2217 919 2299 impetu
939 2214 982 2278 de
1005 2234 1081 2279 cas·

131 2313 227 2391 tello,
253 2316 313 2379 sed
339 2317 383 2378 ab
409 2316 619 2379 irruentibus
649 2317 685 2379 in
714 2335 774 2379 eos
795 2315 961 2379 militibus
987 2314 1080 2395 regis

131 2413 301 2494 compulsi
331 2421 413 2478 sunt
443 2414 556 2478 denuo
585 2416 621 2477 in
653 2414 830 2478 castellum
867 2415 990 2489 redire,
1021 2413 1080 2476 ubi

133 2505 346 2576 Willelmus²
366 2512 409 2575 de
436 2513 542 2590 Diva,
567 2513 666 2576 miles
687 2513 730 2577 de
750 2511 882 2576 familia
904 2511 1080 2592 Hugonis,

133 2609 385 2675 Lincolniensis
405 2611 570 2694 episcopi,
585 2611 665 2676 dum
683 2630 742 2674 eos
764 2611 952 2675 castellum.
964 2611 1080 2690 ingre-

131 2708 266 2772 dientes
299 2709 549 2792 insequeretur,
583 2710 784 2774 interfectus
815 2717 869 2772 est
898 2717 933 2772 et
964 2708 1080 2789 plnres

132 2805 192 2870 alii
214 2808 409 2886 vulnerati3
442 2827 487 2871 ex
511 2827 581 2890 quo
603 2809 697 2872 facto
719 2827 781 2870 rex
810 2815 845 2870 et
868 2804 1081 2869 Mareschal-

131 2905 187 2968 lus
218 2907 410 2987 perturbati
435 2907 616 2989 jusserunt
643 2905 820 2970 machinas
854 2903 1017 2968 collocari
1044 2903 1080 2966 in

131 3021 256 3086 gyrum
281 3004 427 3082 castelli,
454 3013 494 3069 ut
519 3023 635 3070 muros
663 3005 890 3087 petrariarum
916 3001 1081 3067 continua

131 3103 370 3168 verberatione
386 3103 574 3168 dissolvere
590 3104 799 3168 laborarent.
854 3102 1005 3167 Duravit
1019 3118 1080 3164 au-

134 3206 203 3264 tem
234 3201 366 3266 obsidio
395 3209 474 3266 octo
504 3201 575 3266 fere
601 3203 733 3278 diebus,
758 3203 793 3265 in
823 3201 948 3283 quibus
980 3200 1080 3263 amici

132 3299 290 3381 praedicti
316 3301 462 3365 Roberti
488 3320 566 3365 cum
593 3303 756 3385 episcopo
783 3299 1015 3364 Lincolniensi
1038 3298 1081 3361 de

131 3416 218 3479 pace
241 3405 433 3463 tractantes
458 3400 494 3463 in
523 3398 600 3477 hoc,
633 3419 714 3481 rege
746 3408 930 3475 annuente,
952 3397 1083 3480 pariter

168 3570 257 3636 ¹Rege
272 3567 381 3641 comita]
398 3573 452 3623 'l'he
463 3573 594 3635 following
618 3576 697 3624 nelloa
710 3575 845 3624 trahendos
862 3578 887 3622 et
903 3574 1025 3622 ducentos
1043 3572 1082 3632 pi·

131 3643 217 3692 rather
228 3643 329 3692 curicus
340 3644 400 3691 writ
410 3648 435 3691 to
446 3642 488 3691 the
507 3658 594 3704 mayor
619 3643 714 3705 nostor,
731 3649 757 3693 et
773 3647 873 3692 custum
896 3641 964 3701 quod
982 3641 1015 3688 ad
1034 3639 1081 3688 hoc

131 3711 162 3760 ol
180 3711 294 3773 Lincoln,
316 3712 404 3761 issued
426 3715 453 3761 at
469 3710 512 3760 the
533 3713 594 3760 time
618 3713 754 3775 posueritis
773 3711 962 3774 computabitur
977 3709 1023 3757 tibi
1047 3708 1081 3756 ad

129 3781 186 3830 that
193 3782 235 3831 the
242 3781 366 3844 lingum
377 3781 462 3830 before
471 3781 594 3843 Newarlr,
619 3783 793 3833 scaccarium!

130 3851 154 3898 is
175 3852 202 3899 in
224 3851 266 3899 the
289 3851 364 3900 Closs
386 3851 467 3912 Bolis,
487 3865 514 3912 p.
537 3854 594 3900 865.

129 3919 469 3982 ‘precipimurribtquod
486 3920 594 3968 sicutte
653 3913 817 3965 ’Willelmur
838 3914 868 3962 de
887 3905 989 3977 Diva]
1026 3909 1080 3959 ‘l'lre

131 3988 215 4050 ipsum
232 3994 258 4038 et
268 3990 353 4037 omnia
369 3993 415 4037 tua
430 3989 528 4051 diligis,
544 3993 595 4036 ata-
617 3986 686 4046 writ,
697 3984 815 4044 ordering
834 3981 876 4030 the
893 3981 1036 4029 restitution
1055 3981 1084 4029 ol

130 4059 249 4107 timvisis
267 4059 358 4107 litteris
376 4058 443 4119 istis,
459 4058 544 4107 venire
556 4057 594 4105 sn·
619 4053 658 4102 his
678 4059 797 4115 property
816 4066 884 4114 upon
907 4051 1037 4112 returning
1054 4055 1081 4098 to

129 4128 184 4176 cias
198 4143 280 4189 usque
291 4127 402 4176 Newerc
418 4128 488 4175 mille
504 4125 594 4175 cordas
619 4123 659 4171 his
670 4123 758 4183 sealty,
769 4122 791 4170 is
803 4120 879 4171 dated
891 4119 1000 4182 oliford,
1016 4120 1080 4169 nard

129 4196 163 4246 de
175 4197 265 4246 Kanue
278 4197 311 4246 ad
320 4196 445 4258 petrarias
456 4201 482 4245 et
492 4210 594 4257 mango·
619 4193 683 4254 July
694 4194 767 4241 1217.

932 4286 1029 4332 Η·
