2978 4996
364 447 432 512 888
620 462 755 510 sooner
781 464 827 510 nn
855 461 1061 512 wnnnovnn

493 692 542 756 De
555 693 675 778 pencris
690 688 847 756 minitata
862 691 955 777 lajas
969 693 1192 777 imperatricis.

78 811 86 830 ⁰
208 833 341 933 mig-f
422 819 532 882 Erant
549 826 664 881 antem
680 817 780 881 multi
803 818 839 880 in
855 818 999 900 imperio
1015 818 1177 882 Romano
1193 817 1320 900 quibus

208 935 357 983 nemum·
373 919 474 983 nimis
497 918 680 981 videbatur
702 917 893 998 indiguum,
919 917 1010 1000 quod
1037 918 1227 1000 imperator
1248 924 1320 979 tam

372 1027 496 1101 potens
518 1025 553 1080 et
568 1017 604 1079 in
627 1017 785 1079 omnihus
814 1016 943 1080 divitiis
965 1017 1111 1099 pollens,
1136 1017 1196 1099 qui
1218 1015 1320 1097 qnasi

374 1118 533 1180 dominus
550 1122 585 1179 et
601 1115 798 1178 moderator
813 1116 949 1179 exstitit
966 1117 1073 1180 totius
1088 1117 1192 1192 orbis,
1207 1108 1321 1177 ¹soro·

374 1236 445 1279 rem
463 1215 602 1278 duxerit
618 1215 709 1296 regis
726 1212 931 1295 Anglorum.
983 1213 1051 1277 Sed
1068 1234 1145 1277 cum
1160 1213 1321 1278 omnibns

374 1315 420 1379 sit
438 1314 665 1390 notissimum,
682 1313 764 1394 quia
787 1313 898 1397 major
919 1314 1070 1394 dignitas
1094 1321 1240 1377 estesse
1262 1331 1323 1393 ge·

375 1413 620 1503 nere'nobilem
639 1431 743 1493 quam
759 1411 913 1489 divitem,
935 1412 1111 1476 sciendum
1133 1420 1198 1486 est,
1218 1410 1322 1494 hujus

374 1511 601 1593 imperatricis
624 1519 758 1592 patrem
780 1510 886 1575 fnisse
910 1531 1024 1593 regem
1042 1510 1235 1592 Anglorum
1259 1509 1323 1574 Jo-

375 1612 537 1688 hannem;
558 1609 594 1671 H
597 1609 748 1672 enricum
759 1630 888 1692 regem,
897 1611 957 1692 qui
969 1630 1059 1674 nunc
1072 1616 1193 1691 regnat
1203 1610 1238 1672 in
1251 1609 1323 1673 An·

375 1710 459 1792 glia,
470 1695 632 1785 fratrem}
652 1709 842 1773 avunculos
859 1729 957 1791 reges
974 1710 1176 1790 magnificos
1196 1708 1324 1772 Henri-

376 1828 455 1873 cum
473 1816 507 1872 et
526 1808 750 1884 Richardum,
772 1828 814 1872 ac
838 1809 1029 1873 Britanniae
1054 1809 1213 1872 comitem
1237 1806 1323 1872 Gal-

376 1909 521 1973 lridum:
543 1908 591 1971 hii
607 1915 721 1971 autem
739 1926 838 1988 reges
850 1909 1082 1989 generositate
1098 1908 1251 1971 illustres
1263 1907 1324 1971 do·

377 2010 597 2072 minabantur
610 2007 644 2069 in
659 2005 788 2087 Anglia
800 2014 835 2070 et
847 2006 1028 2082 Hibernia,
1039 2007 1129 2070 unde
1142 2026 1241 2088 reges
1252 2007 1323 2070 fue·

378 2115 478 2185 runt3
510 2108 545 2168 in
569 2105 786 2169 Narmannia
807 2111 843 2169 et
861 2106 1063 2188 Aquitania,
1083 2106 1174 2169 unde
1196 2107 1322 2184 duces3

377 2206 412 2269 in
437 2205 597 2270 Pictavia
613 2212 648 2267 et
666 2202 881 2286 Andagavia,
900 2205 990 2267 unde
1012 2205 1175 2284 comites3
1199 2211 1325 2288 praeter

378 2302 585 2368 Turonicam
613 2309 648 2365 et
660 2302 942 2381 Cenomanniam,
959 2304 1059 2367 Berri
1075 2310 1110 2368 et
1121 2303 1324 2381 Merulam,

378 2421 456 2484 quae
485 2401 528 2463 ad
556 2420 671 2464 eorum
700 2403 946 2485 proprietatem
974 2410 1130 2486 spectare
1154 2410 1326 2467 tenentur.

380 2500 423 2564 In
446 2499 498 2562 his
516 2519 652 2582 quoque
676 2502 873 2583 regionibus
893 2510 1027 2585 septem
1048 2503 1326 2585 archiepiscopos

378 2601 584 2675 habuerunt,
607 2619 683 2663 cum
717 2601 854 2682 regibus
885 2599 1011 2665 Scotiae
1033 2608 1068 2664 et
1085 2600 1238 2678 Walliae,
1260 2602 1328 2665 Hi-

379 2700 508 2763 berniae
528 2707 562 2761 et
580 2699 711 2762 Moniae
728 2699 863 2777 insulae,
879 2700 1075 2783 subjeet0s;
1102 2710 1221 2783 atque,
1237 2721 1327 2784 prae·

380 2806 433 2863 ter
455 2800 553 2876 istos,
572 2805 625 2862 tot
647 2799 838 2881 episcopos,
861 2806 982 2882 totque
1005 2801 1158 2877 comites,
1180 2802 1329 2866 barones

379 2917 422 2962 ac
438 2898 577 2974 milites,
600 2896 690 2978 quod
716 2898 815 2979 quasi
829 2897 1093 2962 innumerabiles
1110 2907 1329 2982 reputantur.

382 2996 499 3061 Mater
534 3002 648 3060 autem
677 2996 782 3080 hujus
819 2997 1047 3078 imperatricis
1079 2997 1222 3063 istarum
1252 3019 1328 3064 om·

382 3097 476 3159 nium
494 3102 661 3159 terrarum
680 3097 800 3176 regina
815 3096 901 3172 fnit3
926 3104 961 3159 et
977 3096 1054 3160 duae
1071 3117 1206 3162 sorores
1222 3098 1328 3178 illius,

383 3215 453 3258 nna
478 3195 597 3274 regina
624 3192 816 3271 Scotorum,
847 3194 1014 3259 etaltera
1041 3194 1199 3260 Penbroc
1224 3197 1330 3261 comi·

383 3293 481 3356 tissa.
527 3289 657 3355 Amitae
672 3293 808 3375 quidem
825 3292 934 3375 ipsius
951 3302 1050 3358 erant
1064 3295 1230 3378 quinque,
1244 3316 1330 3378 qua-

383 3410 459 3453 rum
486 3389 630 3472 primam
650 3391 751 3456 duxit
767 3411 830 3456 rex
848 3391 1031 3475 Hispaniae
1049 3392 1263 3476 Alphonsus,
1284 3395 1328 3460 de

384 3506 454 3572 qna
477 3496 560 3553 nata
581 3496 635 3554 est
652 3490 785 3554 Blanoa
808 3490 1020 3554 Francorum
1044 3493 1176 3573 regina,
1198 3501 1234 3557 et
1251 3493 1328 3577 ejus

384 3588 488 3666 filius
514 3589 574 3671 qui
605 3597 727 3670 regnat
752 3590 787 3653 in
820 3588 938 3654 Gallia
968 3590 1203 3668 Lodowicus;
1244 3593 1330 3657 alte-

383 3707 457 3752 ram
481 3689 581 3752 duxit
599 3707 661 3751 rex
683 3688 810 3752 Siciliae
834 3688 1016 3771 Rogerus3
1047 3697 1082 3754 et
1099 3692 1237 3755 tertiam
1255 3692 1328 3755 dux

384 3787 548 3850 Saxoniae
571 3786 759 3864 Henricus,
777 3788 820 3852 de
836 3807 906 3870 qua
925 3796 1028 3853 natus
1048 3797 1102 3853 est
1119 3789 1214 3854 Otho
1234 3798 1328 3874 post-

419 3983 552 4034 ¹Sororem
569 3986 693 4049 duxerit]
718 3986 768 4036 She
786 4002 841 4037 was
867 3989 924 4047 11.;
949 3990 1051 4052 llymer,
1071 3993 1090 4041 i.
1107 4008 1133 4054 p.
1152 3990 1223 4057 m)
1242 3995 1330 4044 titular

382 4056 425 4104 the
445 4055 514 4103 third
534 4055 594 4103 wife
617 4055 647 4103 of
664 4056 707 4104 the
728 4071 842 4118 emperor
868 4059 931 4122 king
941 4060 970 4109 oi
978 4062 1131 4112 Jerusalem.
1166 4063 1289 4114 Shadied
1304 4066 1331 4113 iu

383 4124 511 4185 hedeno,
527 4124 576 4173 and
587 4139 643 4174 was
653 4125 695 4174 the
712 4126 809 4176 mother
817 4127 848 4176 of
871 4129 1012 4180 December
1023 4135 1096 4182 1241.

384 4192 484 4256 Heury,
499 4189 543 4259 (so
565 4195 647 4243 called
668 4195 734 4245 atta·
755 4196 843 4258 Heury
