2978 4996
427 433 473 496 96
683 445 816 494 nocant
841 444 888 491 nn
912 443 1119 493 wannovaa

428 602 579 666 universi
602 602 714 685 ipsum
740 603 936 667 Falcasium
960 609 995 666 et
1010 621 1141 679 omnes,
1161 601 1222 684 qui
1243 603 1280 666 in
1302 621 1382 668 cas·

428 702 501 765 telli
525 701 687 784 praesidio
714 710 825 779 erant,
855 701 1009 765 candelis
1036 703 1201 778 accensis,
1226 695 1384 766 ¹excom-

427 801 672 865 manicationis
695 820 858 865 mucrone
882 814 1138 883 percusserunt.
1191 801 1381 865 Obsessum

427 908 481 964 est
498 908 614 964 autem
628 899 809 964 castellum
825 899 957 963 decimo
976 905 1076 963 sexto
1096 898 1262 963 kalendas
1277 899 1302 964 J
1304 901 1380 977 ulii,

426 999 482 1065 die
503 1000 663 1063 videlicet
683 998 787 1063 Jovis
809 998 965 1080 proximo
990 1005 1070 1079 post
1094 1006 1238 1063 octavas
1264 998 1380 1063 Trini-

427 1099 523 1164 tatis.
576 1100 634 1176 Et,
656 1099 709 1161 bis
733 1097 784 1161 ita
807 1097 928 1179 gestis,
944 1105 1112 1161 venerunt
1137 1117 1182 1161 ex
1203 1105 1378 1179 praecepto

427 1200 520 1279 regis
553 1192 694 1261 'bellica
720 1197 961 1270 instrumenta,
994 1196 1155 1277 petrariae
1185 1197 1317 1261 scilicet
1343 1204 1380 1260 et

428 1297 659 1379 mangonella,
692 1297 817 1377 quibus
847 1296 882 1358 in
914 1313 1037 1378 gyrum
1068 1295 1202 1372 locatis,
1227 1296 1380 1359 insultus

428 1397 613 1460 acerrimos
636 1394 773 1458 assidue
796 1394 993 1472 faciebant;
1025 1393 1149 1457 inclusi
1169 1396 1378 1459 econtrario

428 1495 619 1558 defensioni
641 1502 806 1558 vacantes
829 1493 900 1556 tela
922 1492 1098 1556 mortifera
1112 1493 1258 1558 viriliter
1280 1495 1381 1558 emit-

429 1594 560 1658 tebant.
605 1594 698 1672 Quid
714 1593 837 1676 plural
861 1592 1133 1656 vulnerabantur
1148 1601 1269 1656 mutuo
1279 1594 1380 1657 multi

428 1700 465 1757 'et
486 1693 741 1757 occidebantur.
786 1691 927 1756 Interea
949 1711 1011 1755 rex
1038 1692 1133 1755 misit
1158 1711 1297 1755 manum
1321 1711 1382 1756 ar·

429 1801 570 1869 matam,
588 1801 627 1857 ut
647 1791 842 1856 Falcasium
863 1798 1034 1874 quaereret
1053 1799 1089 1855 et
1107 1791 1288 1855 inventum
1305 1793 1382 1874 regi

429 1899 667 1973 praesentaret,
689 1893 749 1955 sed
771 1891 829 1954 ille
856 1911 919 1973 per
940 1890 1178 1972 exploratores
1197 1892 1382 1973 praemoni-

430 1997 486 2055 tus
513 1992 557 2056 ad
585 1991 752 2057 Walliam
785 2009 894 2072 usque
925 1990 1102 2071 confugit3
1142 1989 1233 2055 unde
1266 1991 1380 2055 nuntii

429 2092 473 2154 ad
490 2112 605 2174 regem
621 2096 834 2155 revertentes
859 2109 897 2153 se
922 2089 1100 2153 laborasse
1121 2089 1271 2152 inaniter
1290 2089 1380 2155 fate-

429 2192 566 2255 bantur.
619 2189 669 2254 At
684 2210 747 2253 rex
772 2190 808 2252 in
831 2188 916 2252 iram
940 2196 1149 2270 provocatus
1167 2187 1302 2272 juravit
1317 2210 1380 2272 per

429 2292 579 2354 animam
606 2289 716 2372 patris
738 2288 804 2364 sui,
827 2287 932 2371 quod,
949 2288 979 2350 si
1007 2288 1156 2370 pervim
1174 2296 1380 2370 caperentur

429 2389 566 2464 inclusi,
583 2389 738 2471 patibulo
753 2387 979 2470 suspenderet
996 2387 1176 2451 universos
1191 2406 1200 2466 ;
1232 2387 1282 2451 illi
1296 2409 1379 2455 vero

430 2507 491 2569 per
518 2489 629 2551 minas
660 2488 752 2569 regis
777 2486 823 2551 ad
847 2485 995 2569 majores
1024 2487 1204 2568 provocati
1234 2486 1379 2570 injurias

430 2588 679 2669 prohibuerunt
692 2586 796 2669 regiis
819 2585 960 2662 nuntiis,
985 2605 1027 2650 ne
1050 2587 1128 2668 quis
1151 2606 1210 2650 eos
1233 2587 1378 2651 ulterius

430 2687 473 2751 de
495 2688 668 2752 reddendo
691 2686 835 2751 castello
858 2685 1073 2750 sollicitaret.
1128 2683 1247 2750 Crevit
1273 2685 1383 2769 igitur

430 2787 509 2852 hinc
530 2788 610 2852 inde
626 2787 771 2852 mortale
793 2785 910 2850 odium
926 2805 971 2848 ex
985 2783 1206 2849 multitudine
1223 2805 1379 2869 peremp-

429 2893 555 2965 torum,
569 2890 619 2952 ita
636 2886 726 2970 quod
743 2906 806 2949 nec
830 2885 955 2948 fratres
976 2883 1151 2961 fratribus,
1171 2904 1235 2948 nec
1252 2905 1380 2967 paren·

429 2993 482 3049 tes
501 2988 593 3063 filiis,
615 2991 854 3068 pepercerunt.
905 2983 1062 3047 Tandem
1077 3003 1172 3060 vero,
1187 2993 1267 3066 post
1288 2992 1381 3049 stra·

429 3105 507 3165 gem
522 3085 661 3148 nimiam
677 3093 797 3148 mutuo
814 3084 960 3160 illatam,
982 3083 1132 3147 artifices
1149 3084 1240 3165 regis
1255 3085 1382 3150 castel·

429 3182 501 3247 lum
520 3184 675 3248 fecerunt
689 3184 854 3265 ligneum,
877 3183 986 3247 altum
1007 3190 1043 3246 et
1058 3176 1288 3264 ³geometrica
1304 3192 1380 3250 arte

428 3282 645 3359 fabricatum,
668 3282 703 3345 in
724 3301 793 3364 quo
811 3281 1008 3346 balistarios
1026 3282 1296 3361 collocaverunt,
1316 3284 1377 3366 qni

474 3521 761 3573 1Επιηιιηιιυιἱειιῦίοιιίε
782 3513 958 3574 mumoue'tbe
979 3525 1072 3576 Chron.
1092 3525 1186 3575 Donat.
1205 3541 1236 3588 p.
1254 3517 1313 3589 1⁴2,
1330 3543 1380 3593 req.

428 3592 617 3657 manat]
634 3594 688 3643 ‘Ibe
701 3594 890 3656 bisbopofcc
915 3595 969 3643 The
991 3595 1066 3644 Closs
1090 3595 1161 3644 Rolls
1181 3598 1284 3645 contuin
1303 3612 1379 3660 many

429 3670 517 3725 venuy
528 3665 614 3712 writes
631 3667 657 3712 to
674 3663 717 3713 the
736 3664 809 3726 king,
827 3663 891 3724 tbat,
916 3665 986 3712 write
1004 3665 1043 3713 for
1064 3678 1141 3725 arms,
1160 3665 1311 3730 provisions,
1329 3673 1379 3719 etc.

430 3734 524 3795 finding
539 3733 652 3782 Pnulkea
665 3733 698 3783 de
713 3734 824 3782 Breaute
836 3748 890 3782 was
915 3732 953 3782 for
970 3733 1013 3782 the
1030 3748 1076 3782 use
1092 3734 1121 3782 of
1135 3733 1177 3782 the
1191 3734 1255 3797 king
1269 3737 1320 3785 and
1336 3737 1379 3787 tbe

430 3804 530 3864 staying
543 3804 569 3851 in
583 3804 625 3851 the
641 3803 848 3865 neighbourhood
864 3803 894 3852 of
915 3818 986 3864 army
999 3803 1084 3852 before
1103 3802 1215 3852 Bedford
1231 3806 1330 3867 caatle;
1352 3822 1381 3869 p.

429 3873 543 3932 Chester,
557 3872 673 3932 be,witb
693 3874 735 3922 the
754 3873 845 3934 bishop
864 3873 894 3922 of
915 3877 1051 3936 scampe

430 3943 533 4004 Exeter,
569 3942 621 3991 bad
656 3943 889 3992 excommunicated
949 3941 1121 3992 ³Geometriru
1141 3947 1195 3991 arte
1206 3943 1380 4013 fabricatam]

427 4012 497 4071 bim;
514 4012 574 4062 ibid.
912 4012 1010 4062 ‘Erant
1020 4013 1056 4061 ibi
1067 4013 1127 4061 duae
1144 4013 1269 4063 machine
1285 4014 1377 4077 lignee

464 4081 576 4130 'Bellica
594 4081 784 4144 instrumenta]
808 4081 855 4130 See
873 4097 889 4130 a
914 4088 967 4131 arte
995 4082 1080 4131 fabrili
1112 4097 1191 4144 supra
1217 4084 1380 4133 eminentiam

427 4165 495 4199 more
517 4150 656 4212 particular
676 4157 783 4200 account
801 4149 830 4198 of
846 4151 889 4199 tbe
914 4153 991 4201 turris
1007 4156 1033 4201 et
1049 4153 1126 4201 castri
1150 4157 1235 4203 erecta
1257 4154 1292 4204 ad
1313 4168 1381 4217 opus

430 4220 500 4281 siege
511 4220 562 4268 and
573 4220 662 4282 taking
673 4220 702 4268 of
715 4220 757 4269 tbe
769 4219 848 4269 castle
863 4221 890 4269 in
914 4222 1100 4272 balistariorum
1112 4217 1128 4285 ς’
1146 4221 1209 4276 ibid.
