2978 4996
468 448 605 498 monas
632 448 902 500 msronmnon.
1093 439 1160 504 239

207 614 244 672 et
275 607 312 671 in
337 606 428 670 hunc
456 607 595 671 modum
624 607 786 670 recedens
811 628 874 671 rex
901 609 943 671 ad
975 611 1295 673 111111ιί11111111111111.

209 715 410 788 treugarum
438 708 623 788 resumptis
646 708 776 770 viribus
803 707 1043 791 thesaurisque
1072 712 1160 774 mul·
1172 681 1267 770 ‘i'lhll
1277 730 1293 769 1.

211 806 378 888 tiplicatis
407 805 518 869 redire
541 806 723 888 disposuit,
749 807 879 870 relictis
912 827 1018 889 regno
1047 818 1083 873 et
1106 830 1159 873 re-

208 906 274 968 bus
306 905 479 982 omnihus,
508 906 632 987 quihus
660 906 903 970 dominabatur
932 908 968 970 in
1000 910 1158 990 partibus

211 1004 412 1080 occidentis
436 1012 476 1068 ut
500 1005 537 1067 in
562 1011 685 1068 sancta
708 1004 850 1069 civitate
879 1005 1100 1070 Hierusalem
1122 1009 1157 1071 in

209 1123 326 1184 regem
357 1110 543 1167 coronatus
572 1104 694 1185 praelia
722 1104 849 1167 domini
883 1105 1036 1169 Sabaoth
1068 1127 1157 1189 prae·

210 1203 353 1266 liaretur
380 1211 415 1266 et
437 1204 577 1283 agmina
604 1203 755 1285 praeiret,
785 1213 821 1269 et
847 1206 960 1267 crucis
990 1206 1159 1282 inimicos,

210 1301 292 1366 dum
315 1301 459 1378 viveret,
487 1302 685 1366 debellaret.
755 1301 823 1367 Sed
854 1302 995 1367 humani
1022 1307 1158 1386 generis

210 1401 380 1477 inimicus,
408 1403 468 1484 qui
497 1403 598 1465 bonis
620 1421 756 1482 semper
778 1404 939 1483 operibus
965 1404 1097 1468 invidet
1123 1414 1159 1468 et

211 1502 499 1585 prosperitatibus
521 1500 640 1583 populi
658 1500 859 1578 Christiani,
885 1502 1053 1568 excitavit
1078 1524 1160 1568 con-

212 1607 266 1664 tra
287 1619 403 1682 regem
431 1600 595 1665 devotum
624 1600 745 1664 ducem
768 1600 922 1665 Austriae
950 1610 986 1666 et
1009 1604 1158 1686 impera·

211 1706 321 1764 torem
349 1699 559 1777 Romanum,
583 1700 643 1782 qui
661 1699 713 1761 illi
736 1701 922 1764 revertenti
949 1712 1159 1782 paraverunt

210 1798 376 1878 insidias;
408 1807 532 1883 captus
556 1807 609 1863 est
633 1800 677 1861 ah
702 1797 871 1874 hostibus,
900 1806 947 1875 et,
975 1801 1071 1865 velut
1096 1803 1159 1864 bos

211 1906 305 1963 esset
332 1898 389 1962 vel
417 1899 547 1974 asinus,
579 1897 740 1963 venditus
772 1905 825 1961 est
854 1898 1054 1979 imperatori
1086 1899 1159 1963 Ro-

209 2016 325 2062 mano.
377 1996 618 2062 Incarceratus
642 2006 771 2073 autem,
798 2003 834 2061 et
855 2016 955 2060 secus
978 2017 1082 2079 qnam
1099 1999 1158 2061 de-

211 2104 304 2162 ceret
324 2104 460 2161 tantum
482 2099 595 2161 virum
621 2097 794 2161 malitiose
815 2104 996 2173 tractatus,
1019 2097 1063 2160 ad
1082 2098 1158 2160 red·

210 2197 418 2279 emptionem
451 2197 692 2278 gravissimam
723 2204 777 2260 est
803 2196 1013 2279 compulsus.
1080 2196 1160 2261 Rex

209 2302 379 2379 praeterea
399 2297 624 2373 Francorum,
641 2296 816 2377 magnifici
837 2297 930 2378 regis
952 2296 1048 2379 pium
1069 2317 1159 2379 prae-

211 2395 353 2478 pediens
383 2396 612 2478 propositum,
643 2405 754 2460 terras
782 2396 871 2479 ejus,
899 2396 980 2460 dum
1008 2407 1099 2462 esset
1123 2399 1158 2460 in

211 2495 353 2559 servitio
371 2495 494 2571 cruciS,
510 2495 657 2574 invasit;
681 2503 715 2559 et
737 2494 787 2558 sic
809 2495 960 2578 undique
983 2498 1027 2559 ah
1047 2498 1160 2560 inimi-

211 2594 261 2658 cis
278 2600 478 2676 praeventus
494 2594 709 2676 martyrium,
727 2594 817 2676 quod
835 2595 985 2658 nondum
1001 2615 1161 2677 suscepe-

213 2699 268 2757 rat
279 2694 317 2756 in
329 2712 483 2775 corpore,
499 2693 589 2756 sicut
604 2701 843 2774 proposuerat,
859 2694 893 2756 in
909 2702 1001 2757 terra
1015 2695 1159 2775 promis-

212 2793 331 2869 sionis,
354 2792 507 2857 servavit
523 2793 557 2855 in
581 2801 706 2870 mente,
730 2793 790 2873 qui
812 2791 1017 2855 desiderium
1040 2791 1161 2857 hahuit

212 2890 406 2957 revertendi
426 2899 461 2955 et
481 2893 567 2954 mori
586 2892 621 2954 in
639 2892 805 2973 obsequio
827 2891 950 2953 crucis.
1003 2889 1160 2956 Accessit

213 2992 256 3056 ad
283 2991 458 3054 cumulum
485 2990 598 3054 adhuc
623 2991 852 3055 tentationum
878 2990 1032 3074 ejusdem
1056 2992 1160 3072 regis,

212 3090 317 3174 quod,
335 3090 416 3152 dum
430 3098 522 3155 esset
534 3091 569 3153 in
581 3091 748 3173 obsequio
764 3092 886 3165 crucis,
897 3109 1011 3153 comes
1028 3089 1050 3153 J
1054 3089 1159 3153 ohan-

212 3209 283 3266 nes,
306 3190 414 3254 frater
435 3190 523 3273 ejus,
545 3189 751 3253 moliebatur
773 3189 938 3271 Angliam
960 3190 1160 3274 subjugare,

212 3289 356 3353 castella
373 3289 531 3370 quaedam
548 3289 736 3352 obsidendo
751 3297 787 3353 et
800 3288 899 3353 fratri
921 3310 984 3354 suo
999 3311 1159 3372 guerram

212 3388 394 3465 movendo,
423 3388 482 3451 sed
512 3388 677 3451 laudabili
700 3388 866 3452 fidelitate
889 3391 1002 3470 gentis
1026 3389 1159 3471 Anglo·

211 3508 285 3551 rum
304 3489 519 3570 propositum
540 3489 634 3551 illius
656 3487 818 3552 frivolum
840 3489 976 3552 exstitit
997 3497 1032 3551 et
1051 3489 1160 3552 inani·

211 3595 265 3652 ter
290 3595 512 3651 attentatum.
566 3587 596 3650 Ο
628 3586 832 3651 admiranda
862 3585 1036 3667 magnifici
1067 3589 1160 3667 regis

210 3688 428 3751 constantia!
467 3706 545 3770 quae
575 3706 751 3767 nunquam
781 3687 817 3749 in
857 3684 1011 3749 adversis
1046 3686 1160 3766 potuit

210 3785 335 3867 frangi,
353 3786 444 3850 sicut
464 3806 528 3849 nec
551 3787 585 3848 in
608 3786 782 3868 prosperis
804 3784 939 3859 extolli,
963 3783 1022 3845 sed
1051 3785 1158 3846 omni-

211 3886 275 3949 hus
297 3903 433 3966 sempor
455 3884 598 3948 hilarem
625 3884 792 3948 exhibens
820 3883 954 3948 vultum
984 3901 1158 3964 nunquam

210 3985 245 4047 in
263 4004 344 4065 rege
361 3985 524 4066 apparuit
537 3983 735 4048 diffidentiae
752 3984 901 4064 signum.
947 3982 1037 4045 Haec
1055 3991 1089 4045 et
1106 3981 1160 4045 his

210 4084 337 4147 similia
359 4085 525 4148 virtutum
553 4105 659 4166 opera
691 4103 806 4166 regem
834 4091 988 4146 nostrum
1016 4082 1161 4146 Richar-

209 4183 289 4246 dum
312 4203 427 4246 coram
454 4203 587 4247 summo
611 4185 688 4249 Dco
710 4183 929 4247 reddiderant
959 4183 1160 4265 gloriosum,
