2978 4996
417 460 557 508 aeones
580 460 849 509 nisronrnnun.
1063 446 1108 509 53

157 621 242 690 tum,
260 633 329 677 non
350 614 416 677 nisi
436 615 513 679 sola
530 617 659 679 virtute
677 615 796 680 divina
818 617 1016 681 Damietam
1033 617 1106 682 fore
1119 635 1173 674 en·
1185 636 1241 674 1²¹⁰·

155 713 371 796 capiendam,
395 714 485 777 unde
513 715 604 778 inter
628 715 756 779 multos
779 717 933 780 surrexit
951 736 1102 781 murmu·
1118 685 1234 774 dibile

156 814 245 876 ratio
277 814 313 875 in
345 814 480 890 castris,
511 814 748 877 communibus
777 816 996 896 exigentibus
1025 836 1105 899 pec·

155 912 244 975 catis
275 920 310 975 et
338 912 519 975 discordiae
551 912 734 991 fomentis;
776 933 855 977 nam
888 916 1102 997 quorundam

155 1009 223 1074 suit
237 1012 474 1093 praesumptio,
491 1019 530 1074 ut
546 1031 624 1075 cum
647 1011 811 1088 Soldano,
827 1014 887 1095 qui
910 1032 980 1076 non
1001 1013 1105 1096 longe

156 1128 178 1172 a
199 1110 323 1173 castris
347 1110 622 1175 Christianorum
649 1111 730 1173 fixis
756 1112 915 1175 tentoriis
943 1114 1105 1177 manebat

155 1209 192 1271 in
219 1208 365 1286 insidiis,
389 1217 582 1290 campestre
611 1210 769 1291 praelium
794 1218 1026 1288 consererent,
1053 1220 1104 1290 ut,

156 1328 197 1371 eo
220 1308 420 1391 subjugato,
448 1328 526 1371 cum
552 1309 629 1390 ipso
655 1310 882 1392 subjugarent
904 1317 940 1373 et
963 1311 1103 1374 Damie-

156 1414 240 1469 tarn.
293 1407 323 1469 E
349 1408 522 1470 contrario
554 1408 735 1472 consilium
765 1409 857 1489 regis
881 1408 1103 1473 Hierusalem

155 1513 231 1570 erat
256 1513 291 1569 et
318 1505 503 1569 multorum
533 1525 610 1569 cum
641 1526 694 1583 eo,
727 1514 768 1571 ut
791 1507 924 1571 obsidio
948 1516 1018 1571 tam
1043 1507 1102 1572 diu

155 1613 316 1685 ageretur
345 1606 510 1686 incoepta,
540 1625 720 1688 quousque
745 1607 801 1669 vel
825 1607 954 1670 virtute
984 1607 1103 1671 divina

154 1705 211 1767 vel
243 1704 347 1767 ctiam
380 1703 470 1767 fame
505 1704 629 1768 inclusi
664 1704 877 1784 deficerent3
915 1725 995 1768 nam
1024 1707 1101 1788 qui·

153 1823 301 1885 cumque
317 1822 379 1885 per
394 1803 566 1885 posticum
581 1803 637 1866 vel
655 1803 698 1866 de
718 1805 826 1866 muris
842 1804 994 1868 civitatis
1010 1825 1101 1886 prae·

154 1903 278 1984 cipites
304 1901 511 1979 evadebant,
538 1901 651 1964 inflati
681 1909 717 1966 et
746 1902 836 1965 fame
863 1901 994 1979 afflicti,
1021 1923 1102 1967 con·

152 2002 280 2065 civium
303 2020 443 2064 suorum
467 2000 644 2065 evidenter
668 2001 866 2082 angustiam
889 2000 1099 2065 indicabant.

153 2100 227 2175 Sed¹
258 2101 327 2164 illis
357 2101 493 2164 tandem
526 2101 808 2183 praevalentibus,
846 2100 906 2182 qui
939 2099 1100 2164 decreve-

151 2207 233 2263 rant
249 2199 510 2263 immutabiliter
531 2219 608 2263 cum
632 2198 784 2264 Soldano
808 2207 982 2263 certamen
1002 2199 1101 2277 inire,

151 2299 188 2362 in
221 2299 276 2362 die
307 2298 546 2362 decollationis
578 2299 691 2362 sancti
724 2297 747 2360 J
750 2297 897 2362 ohannis
929 2298 1100 2380 Baptistae

152 2397 197 2460 ad
237 2403 354 2461 castra
391 2398 661 2480 Babyloniorum
700 2399 761 2474 ita,
795 2397 877 2461 licet
913 2396 1100 2476 discordes,

151 2495 384 2572 confluebant,
406 2502 446 2559 ut
465 2497 526 2560 vix
548 2496 784 2560 invenirentur
802 2497 880 2573 viri,
900 2497 960 2579 qui
983 2498 1019 2560 iu
1042 2498 1100 2560 ob

150 2591 284 2659 sidione
307 2596 402 2658 urbis
428 2603 655 2659 remanerent.
707 2594 863 2659 Tandem
885 2596 976 2659 inter
1006 2615 1101 2660 mare

151 2702 187 2758 et
211 2694 349 2770 flumen,
375 2693 435 2757 ubi
457 2694 567 2757 dulcis
590 2713 682 2775 aqua
705 2694 845 2775 reperiri
869 2714 938 2757 non
963 2702 1101 2776 poterat

150 2793 196 2856 ad
232 2792 428 2869 bibendum,
463 2792 718 2876 proficiscentes
749 2793 956 2864 invenerunt
981 2792 1099 2856 hostes

152 2893 232 2956 fidei
259 2893 297 2955 in
321 2892 479 2955 tentoriis
508 2897 773 2967 commorantes,
799 2891 858 2953 sed
889 2889 968 2973 ipsi,
999 2893 1098 2973 papi-

150 2992 301 3055 lionibus
328 2989 488 3068 sublatis,
509 2990 629 3072 sugam
654 2990 888 3068 simulabant3
918 2996 1052 3052 etcum
1077 3009 1099 3053 a

150 3091 308 3154 fidelibus
336 3108 535 3171 processum
563 3088 686 3152 fuisset
709 3089 808 3165 adeo,
835 3090 926 3172 quod
953 3109 1099 3171 appare-

148 3197 203 3252 ret
228 3189 444 3253 adversarios
472 3188 563 3252 nolle
593 3189 724 3252 directa
753 3188 867 3252 fronte
895 3187 1095 3270 confligere,

148 3287 322 3370 capitanei
351 3286 461 3350 fidelis
490 3287 609 3369 populi
637 3289 778 3368 longum
811 3288 963 3351 inierunt
984 3289 1097 3352 consi-

147 3387 245 3464 linm,
268 3394 384 3476 utrum
406 3386 642 3468 procederent,
666 3405 711 3449 an
734 3385 896 3450 redirent.
954 3387 1097 3451 Discors

147 3488 239 3550 inter
274 3504 334 3549 eos
372 3486 439 3549 suit
475 3486 658 3560 sententia,
691 3485 782 3548 unde
821 3486 912 3549 inter
952 3487 1098 3549 consilia

147 3585 222 3648 sine
247 3584 392 3649 consilio
417 3585 541 3648 solutae
567 3591 649 3647 suut
671 3585 775 3660 acies,
807 3591 935 3665 praeter
962 3583 1097 3647 ordina·

147 3685 277 3748 tionem
297 3684 448 3758 illorum,
470 3703 559 3766 quos
581 3682 763 3765 disciplina
784 3681 909 3763 ligavit
926 3689 961 3745 et
981 3679 1097 3743 obedi-

145 3784 240 3846 entia
266 3782 451 3861 militaris;
485 3784 619 3865 equites
647 3781 754 3864 Cypri
776 3781 812 3843 in
842 3781 965 3843 dextro
990 3798 1097 3842 cornu

144 3881 339 3958 constituti,
361 3881 544 3945 Saracenis
566 3882 741 3944 incursum
765 3898 787 3941 a
809 3880 919 3941 latere
939 3877 1096 3941 facienti-

143 3982 221 4056 bus,
257 3980 477 4044 timiditatem
510 4000 611 4044 suam
642 3979 891 4057 ostenderunt3
945 3976 1096 4040 Romani

143 4081 278 4164 pedites
312 4079 415 4162 primi
443 4080 619 4162 fugerunt,
654 4086 688 4141 et
719 4085 842 4159 postea
879 4077 1013 4158 equites
1051 4096 1096 4139 ex

143 4179 343 4245 nationibus
367 4179 526 4257 diversis,
556 4198 633 4243 cum
656 4177 862 4260 quibusdam
890 4175 1096 4260 Hospitula-
