2978 4996
361 468 500 517 rnonns
528 420 797 517 nrsronianun.
1012 456 1054 519 91

104 647 237 711 gerens.
293 625 428 690 Habuit
454 635 569 690 autem
598 628 712 690 dictus
741 623 941 709 capellbnus
968 627 1055 691 duos
1070 646 1191 705 anun.

104 728 193 791 lilios
219 725 395 808 parvulos,
417 725 460 789 de
478 745 623 807 quornm
650 728 904 791 sustentatione
920 734 955 790 et
973 747 1056 791 cura
1070 697 1200 787 illidii?

106 828 206 890 nimis
235 834 311 889 erat
336 825 515 900 sollicitus,
546 844 617 906 qua
644 826 846 889 curiositate
870 827 995 889 ductus
1022 828 1057 889 in

105 926 263 1008 pluribus
292 924 511 988 monasteriis
545 925 607 987 tali
635 924 832 988 conditione
857 925 1058 1006 praedictam

105 1025 232 1088 obtulit
256 1043 404 1099 crucem,
427 1031 466 1086 nt
487 1024 561 1104 ipse
584 1030 619 1085 et
641 1022 704 1086 filii
726 1023 801 1106 ejus
825 1025 1059 1106 reciperentur

107 1123 152 1187 od
185 1121 338 1187 ordinem
373 1121 624 1200 monachatus3
659 1121 731 1203 qui,
765 1142 843 1185 cum
873 1124 993 1187 multis
1023 1123 1059 1186 in

107 1222 191 1286 locis
211 1223 301 1284 inter
323 1220 449 1284 divites
472 1221 645 1302 repulsam
669 1240 793 1303 passus
816 1221 949 1299 suisset,
966 1223 1061 1286 venit

107 1321 246 1385 tandem
264 1320 307 1384 ad
325 1319 447 1384 cellam
463 1320 649 1400 quandam,
666 1339 744 1402 quae
760 1321 958 1385 Bromholm
976 1340 1060 1383 nun·

107 1429 268 1502 cupatur,
290 1419 544 1502 pauperrimam
560 1427 595 1482 et
612 1419 766 1483 aedificiis
783 1421 987 1484 omnimodis
1004 1421 1063 1484 de-

108 1519 280 1595 stitutam,
302 1519 338 1581 in
357 1519 530 1583 territorio
552 1517 773 1582 Norfolcensi
797 1520 912 1595 sitam,
935 1527 982 1597 et,
1004 1539 1062 1583 ac·

109 1619 237 1682 cersito
251 1617 350 1681 adse
368 1619 482 1699 priore
505 1637 582 1680 cum
606 1618 811 1699 quibusdam
826 1618 869 1681 de
887 1607 1062 1696 fratribus,

111 1717 263 1808 ostendit
290 1717 341 1779 eis
374 1735 509 1779 crucem
541 1716 789 1797 supradictam,
823 1737 901 1799 quae
935 1719 1063 1799 duplici

111 1816 207 1897 ligno
230 1835 274 1879 ex
297 1822 497 1879 transverso
519 1815 633 1878 suerat
648 1814 827 1892 fabricata,
850 1816 979 1879 habens
993 1817 1063 1880 fere

112 1914 364 1996 longitudinem
389 1933 512 1978 manus
542 1913 714 1989 humanae,
737 1920 773 1976 et
795 1916 933 1994 rogavit
955 1914 1066 1979 humi·

113 2014 203 2090 liter,
228 2021 400 2095 quatenns
424 2032 502 2076 cum
529 2013 606 2094 ipsa
630 2031 732 2075 cruce
755 2020 790 2075 et
809 2013 887 2075 aliis
911 2013 1065 2095 reliquiis

115 2132 203 2195 quas
230 2113 381 2176 habebat
408 2113 522 2193 ipsum
545 2120 581 2176 ct
602 2112 691 2175 filios
711 2130 793 2175 suos
811 2113 1003 2193 reciperent
1021 2112 1063 2175 ad

113 2212 268 2276 ordinem
283 2211 541 2275 monachorum.
582 2209 683 2274 Prior
700 2230 783 2274 vero
799 2219 835 2274 et
849 2210 974 2274 fratres
990 2211 1066 2294 ejus

115 2311 281 2375 detento
307 2310 493 2374 exhilarati
527 2310 690 2373 thesauro
722 2309 827 2386 illico,
860 2318 1067 2392 procurante

119 2410 282 2486 Domino,
304 2410 365 2492 qui
390 2409 570 2473 honestam
584 2428 720 2490 semper
740 2410 959 2491 amplectitur
982 2429 1068 2494 pau-

117 2516 299 2591 pertatem,
321 2507 424 2572 dictis
450 2507 621 2590 capellani
646 2507 876 2572 adhibuerunt
894 2510 1006 2586 fidem,
1033 2517 1068 2573 ct

117 2607 250 2688 lignum
273 2606 495 2670 Dominicum
519 2615 714 2670 reverenter
737 2608 947 2689 accipientes
969 2609 1069 2671 detu-

118 2707 232 2770 lerunt
255 2706 340 2768 illud
362 2706 400 2769 in
429 2706 618 2769 oratorium
645 2724 746 2768 suum
773 2712 910 2768 etcum
940 2714 1070 2788 quanta

118 2812 305 2887 potuerunt
326 2805 510 2868 devotione
531 2805 567 2866 in
590 2803 666 2867 loco
690 2803 931 2867 honestissimo
953 2822 1070 2868 serva-

119 2911 257 2968 verunt.
309 2903 391 2967 Hoc
410 2903 557 2985 denique
583 2921 687 2977 anno,
713 2908 752 2964 ut
773 2901 975 2982 praedictum
1005 2911 1070 2979 est,

119 3011 301 3084 coeperunt
328 3002 447 3066 divina
469 3002 635 3065 celebrari
660 3000 838 3077 miracula,
863 3001 908 3064 ad
934 3000 1070 3065 laudem

119 3110 155 3166 et
178 3102 324 3184 gloriam
355 3101 502 3165 vivificae
530 3101 655 3176 crucis,
681 3101 716 3162 in
746 3102 956 3165 monasterio
981 3121 1072 3184 prae·

118 3201 235 3279 dicto;
258 3202 317 3264 ubi
333 3201 478 3264 mortuis
489 3198 572 3274 vita,
583 3200 684 3262 caecis
701 3200 808 3275 visne,
825 3200 957 3263 claudis
976 3220 1073 3281 gres·

121 3319 182 3363 sus
221 3300 430 3375 restituitur,
462 3299 608 3379 leprosis
641 3316 722 3361 caro
751 3299 879 3362 munda
912 3300 1072 3376 donatur,

121 3399 253 3461 obsessi
281 3418 304 3461 a
334 3398 547 3462 daemonibus
578 3397 780 3474 liberantur,
803 3405 838 3461 et
865 3400 1073 3481 quicumque

121 3497 276 3559 infirmus
303 3516 381 3560 cnm
410 3496 476 3560 lide
502 3496 547 3558 ad
574 3495 705 3575 lignum
732 3496 934 3578 praedictum
957 3516 1073 3560 acces-

121 3597 205 3659 serit
236 3596 417 3659 iucolumis
452 3602 487 3659 et
518 3612 624 3657 sanus
659 3595 797 3658 recedit.
860 3595 1074 3676 Frequenter

121 3703 237 3758 autem
264 3695 429 3759 adoratur
446 3704 482 3758 et
500 3694 625 3756 colitur
647 3712 734 3755 crux
757 3692 904 3776 praefata
927 3712 996 3754 non
1019 3712 1075 3755 so-

122 3793 192 3856 lum
216 3811 239 3856 a
265 3803 368 3875 gente
383 3793 591 3874 Anglicana,
608 3793 845 3856 verumetiam
866 3792 909 3853 ab
929 3789 1074 3853 homini-

122 3893 188 3955 bus
220 3893 263 3956 de
287 3892 485 3974 regionibus
511 3891 614 3972 longe
638 3890 774 3971 positis,
798 3898 845 3967 et,
864 3889 924 3971 qni
947 3889 989 3952 de
1015 3889 1076 3953 illa

123 3989 241 4054 divina
278 3993 463 4055 audierunt
499 3988 676 4066 miracula,
718 3989 940 4053 devotissime
976 4008 1075 4052 venc-

123 4100 255 4152 rantur.
