2978 4996
401 453 541 503 rnonns
564 453 836 504 ursronmauu.
1029 440 1094 505 233

139 609 330 688 audientes,
362 619 434 675 tam
467 612 534 693 ipsi
562 631 665 694 quam
689 612 761 689 alii,
788 614 848 695 qni
868 613 1094 693 advenerant,
1108 632 1165 673 eo.
1177 633 1233 671 aar,
1268 681 1271 686 ¹

138 711 282 793 pacifice
303 718 540 790 recesserunt;
569 712 687 792 sicque
703 712 793 774 infra
808 713 881 776 dies
899 713 1093 794 quindecim

140 809 316 873 distractis
346 811 517 887 omnibus,
544 810 668 872 armati
694 811 744 873 illi
772 811 814 874 de
843 811 920 875 loco
947 832 1096 879 recesse-

140 916 234 985 runt,
256 908 380 972 loculis
402 909 505 991 plene
531 909 677 972 refectis.
730 909 886 973 Tandem
913 931 989 974 cum
1020 912 1095 976 baec

114 1023 117 1028 ·
140 1008 306 1071 violentia
325 1008 370 1072 ad
393 1010 551 1072 notitiam
576 1008 718 1090 Rogeri,
743 1008 996 1073 Londoniensis
1023 1013 1095 1094 epi·

141 1108 251 1189 scopi,
282 1109 509 1189 pervenisset,
541 1108 743 1171 convocatis
774 1107 891 1172 decem
924 1111 1096 1192 episcopis

142 1199 194 1268 in¹
220 1208 372 1270 crastino
402 1207 514 1270 beatae
541 1206 765 1270 Scholastica
789 1208 933 1288 virginis
957 1209 1096 1273 Londo-

143 1305 210 1368 niis
233 1306 268 1367 in
290 1307 436 1370 ecclesia
457 1307 548 1369 beati
570 1304 684 1382 Pauli,
701 1326 820 1371 omnes
840 1306 943 1390 hujus
963 1309 1096 1372 violen-

142 1405 200 1468 tiae
216 1413 374 1468 auctores
395 1405 626 1469 anathematis
647 1408 820 1470 sententia
841 1416 1097 1487 percusserunt,

143 1503 359 1567 involventes
380 1505 484 1568 etiam
510 1505 601 1580 illos,
623 1506 682 1586 qui
704 1505 739 1568 in
760 1505 930 1582 Cincium,
957 1506 1097 1570 Londo-

143 1602 272 1667 uiensis
308 1603 463 1667 ecclesiae
501 1605 717 1680 canonicum,
750 1624 874 1667 manus
906 1606 1097 1687 injecerant

143 1701 324 1780 violentas,
343 1722 421 1767 cum
442 1703 669 1766 universitate
691 1704 859 1783 praedicta
882 1712 916 1767 et
932 1705 1000 1768 illis
1026 1726 1096 1769 om-

142 1801 242 1864 nibus
278 1803 338 1884 qui
374 1802 529 1865 fecerunt
567 1801 720 1882 sigillum
757 1810 792 1866 et
825 1803 945 1866 literas
973 1825 1096 1887 supra-

143 1902 304 1983 scriptas.

198 2073 287 2154 Quod
299 2094 353 2138 ree
367 2073 525 2138 ceciliam
533 2095 595 2159 per
612 2082 706 2137 totam
721 2071 875 2158 Acyllam
890 2070 950 2136 ribi
963 2073 1039 2137 dori

523 2173 706 2258 postolavit.

206 2297 452 2362 Convenerunt
483 2316 524 2361 eo
558 2306 724 2380 tempore,
752 2317 862 2361 nonas
889 2297 1023 2376 Martii,
1052 2300 1095 2363 ad
1110 2318 1217 2367 Thektng

1110 2369 1246 2408 demandsun

144 2397 352 2479 colloquium
386 2397 477 2479 apud
506 2397 855 2461 westmonasterium
888 2398 931 2461 ad
965 2400 1096 2465 vocati·
1109 2418 1220 2457 erronea

145 2515 243 2560 onem
275 2497 367 2578 regis
398 2505 580 2577 magnates
605 2497 755 2578 Angliae,
784 2505 856 2560 tam
884 2497 963 2560 laici
992 2519 1095 2580 quam
1109 2468 1212 2567 lili’gyffm

144 2596 293 2677 p'raelati,
327 2595 451 2678 quibus
486 2615 549 2659 rex
592 2597 784 2678 proposuit,
825 2596 918 2677 quod
961 2600 1096 2678 magnis

146 2703 237 2759 esset
267 2695 393 2758 debitis
425 2695 623 2777 implicatus
655 2714 761 2758 causa
790 2695 922 2758 bellicae
953 2698 1095 2777 expedi-

146 2793 263 2871 tionis,
296 2813 400 2875 quam
429 2812 539 2875 nuper
569 2802 689 2875 egerat
716 2795 751 2856 in
778 2793 905 2856 finibus
928 2800 1097 2858 transma-

146 2893 241 2969 rinis,
273 2892 364 2956 unde
398 2893 604 2957 necessitate
635 2892 833 2974 compulsus
865 2893 909 2955 ab
937 2894 1095 2957 omnibus

145 2992 351 3073 generaliter
367 2992 534 3055 auxilium
549 2992 750 3073 postulavit.
792 2990 872 3069 Quo
890 2991 1020 3068 audito,
1038 3012 1095 3055 co-

146 3111 217 3155 mcs
228 3090 636 3173 CestrensisRanulpbus
648 3111 710 3173 pro
722 3091 940 3172 magnatibus
950 3091 1094 3173 loquens

147 3192 219 3273 regi
235 3190 424 3273 respondit,
447 3191 538 3272 quod
556 3191 712 3266 comiteS,
729 3190 875 3254 barones
893 3210 934 3254 ac
955 3192 1094 3268 milites,

146 3292 205 3373 qui
225 3289 268 3353 de
288 3309 330 3353 eo
346 3291 510 3353 tenebant
526 3290 561 3352 in
585 3291 710 3371 capite,
734 3308 810 3353 cum
835 3291 910 3373 ipso
933 3300 1031 3354 erant
1047 3292 1094 3355 ibi

145 3390 370 3472 corporaliter
392 3397 592 3471 praesentes,
617 3396 652 3451 et
667 3390 847 3470 pecuniam
863 3410 962 3453 suam
976 3392 1027 3453 ita
1042 3391 1094 3453 in-

145 3490 256 3553 aniter
275 3487 479 3565 effuderunt,
494 3487 586 3570 quod
607 3489 687 3550 inde
707 3507 874 3569 pauperes
897 3509 1014 3552 omnes
1042 3509 1096 3552 re-

146 3595 333 3663 cesserunt,
349 3587 440 3650 unde
455 3588 530 3668 regi
546 3587 588 3650 de
605 3587 686 3668 jure
709 3587 875 3650 auxilium
900 3607 968 3650 non
992 3587 1093 3650 debe-

147 3688 252 3766 bant,
284 3694 319 3751 et
345 3687 407 3763 sic,
429 3687 541 3769 petita
562 3685 713 3761 licentia,
735 3686 815 3748 laici
837 3703 956 3748 omnes
982 3703 1094 3747 reces-

146 3793 275 3851 serunt.
314 3784 456 3849 Praelati
471 3805 553 3848 vero
570 3785 644 3865 regi
660 3784 905 3866 respondentes
922 3782 1094 3860 dixerunt,

148 3886 239 3969 qnod
262 3886 416 3967 episcopi
438 3885 538 3948 multi
555 3892 590 3947 et
608 3885 763 3957 abbates,
779 3883 838 3964 qui
855 3883 969 3946 vocati
985 3891 1095 3960 erant,

147 4005 215 4050 non
228 3985 368 4049 fuerunt
385 3992 573 4067 praesentes
587 4004 596 4062 ;
620 3992 655 4047 et
672 3983 721 4044 sic
739 3982 912 4063 petierunt
928 3981 1096 4060 induciae,

185 4201 230 4251 'ln
238 4201 345 4251 aretino
357 4199 431 4249 beuta
444 4199 600 4249 Scholastica
612 4197 740 4262 virginis]
757 4197 810 4247 The
822 4197 881 4247 loth
892 4197 922 4246 oi
930 4198 1068 4262 February.
