2978 4996
373 444 439 509 270
633 459 767 507 uocum
792 459 840 506 us
863 456 1071 506 wennovuu

211 626 267 668 sn.
277 627 333 667 ¹²³³·
374 616 516 679 militem
530 623 721 691 strenuum,
733 615 955 698 quiejusdem
968 614 1138 682 Gileberti
1154 612 1327 686 ¹sororem

373 714 495 780 babuit
524 715 595 779 sibi
623 713 841 778 matrimonio
872 714 1071 796 copulatam
1104 717 1180 782 sine
1213 719 1326 802 ipsius

374 813 527 891 licentia,
554 821 593 876 ut
618 812 767 888 dicebat,
792 812 899 896 jussit
920 832 984 877 rex
1012 814 1090 895 capi
1121 822 1156 880 et
1182 825 1326 899 captum

374 913 440 975 sibi
454 911 668 993 praesentari.
720 908 820 974 Alios
845 910 984 994 quidem
1007 931 1126 977 omnes
1151 915 1195 979 de
1218 935 1327 998 regno

374 1010 506 1074 nobiles
523 1017 559 1074 et
576 1016 736 1092 potentes
752 1017 932 1092 suspectos
954 1010 1086 1075 babens
1107 1012 1247 1078 obsides
1265 1034 1326 1079 ex·

374 1109 447 1190 egit
464 1110 509 1173 ab
532 1108 594 1185 eis,
614 1108 813 1189 significans
831 1108 1002 1172 universis
1016 1128 1079 1191 per
1092 1108 1214 1175 literas
1229 1131 1324 1188 suas,

373 1215 545 1288 quatenus
566 1207 656 1269 infra
671 1205 838 1271 kalendas
852 1203 1005 1288 Augusti
1022 1215 1076 1273 tot
1094 1215 1130 1272 et
1145 1210 1235 1273 tales
1257 1212 1324 1275 sibi

373 1304 509 1368 obsides
527 1311 789 1386 praesentarent,
810 1306 936 1386 quibus
958 1307 1001 1368 ab
1021 1305 1096 1389 ejus
1113 1308 1230 1373 animo
1249 1327 1325 1374 om·

373 1421 451 1466 nem
467 1403 662 1466 rebellionis
679 1403 909 1486 suspicionem
923 1403 1110 1469 auferrent.

431 1572 522 1647 oea
534 1572 742 1637 narseum
749 1573 956 1658 emesae
970 1573 1012 1638 aa
1028 1574 1065 1638 e
1072 1573 1263 1659 peditem.
1346 1550 1362 1573 ‘

210 1689 308 1778 ml
423 1694 580 1777 Cumque
595 1696 737 1760 comites
756 1715 797 1761 ac
818 1698 964 1761 barones
979 1694 1118 1778 Angliae
1134 1697 1172 1760 in
1192 1717 1323 1780 magno

209 1789 348 1877 ΗΜ,
372 1792 504 1858 militiae
529 1803 700 1877 apparatu
718 1793 917 1859 Londonias
945 1794 1124 1860 tenderent
1148 1795 1193 1859 ad
1217 1796 1323 1861 collo-

210 1887 293 1937 ΨΜ
352 1892 490 1976 quium
515 1892 673 1957 kalendis
698 1892 848 1974 Augusti
868 1893 934 1957 sibi
953 1894 1149 1976 praefixum,
1172 1893 1322 1959 Richar-

372 1992 437 2056 dus
463 2012 576 2056 comes
601 1991 830 2056 Marescallus
852 2011 930 2054 cum
953 1993 1088 2056 caeteris
1103 1992 1220 2056 venire
1239 2013 1322 2075 pro·

371 2110 504 2173 ponens
535 2090 730 2172 hospitatus
759 2096 814 2153 est
840 2108 918 2153 cnm
942 2082 1079 2154 'sorore
1106 2109 1181 2164 sua,
1211 2110 1323 2156 uxore

372 2189 502 2252 scilicet
520 2188 688 2251 Richardi
711 2188 828 2252 fratris
851 2188 964 2269 regis;
991 2207 1162 2271 quaecum
1177 2188 1320 2255 fratrem

372 2286 633 2367 interrogasset,
658 2305 727 2367 quo
759 2285 826 2350 iter
853 2286 1007 2363 baberet,
1044 2285 1222 2368 respondit
1248 2288 1321 2367 ille,

372 2384 466 2465 quod
480 2383 524 2447 ad
542 2383 751 2465 colloquium
765 2385 857 2467 apud
872 2385 1223 2449 westmonasterium
1240 2405 1321 2450 cou-

372 2481 532 2546 stitutum
560 2482 679 2546 venire
704 2482 895 2547 festinaret.
948 2482 1014 2547 Cui
1035 2483 1108 2560 illa,
1132 2483 1319 2564 ‘Noveris,

372 2580 479 2644 srater
495 2580 683 2657 carissime,
711 2581 804 2664 quod
827 2588 961 2664 paratae
982 2589 1064 2647 sunt
1083 2582 1146 2646 tibi
1171 2582 1319 2659 insidiae,

371 2678 402 2741 si
426 2679 556 2755 venias,
586 2686 627 2744 ut
659 2680 810 2761 capiaris
836 2681 881 2743 ab
910 2679 1059 2744 inimicis
1089 2680 1171 2756 tuis,
1197 2682 1257 2763 qui
1284 2690 1319 2747 te

369 2775 443 2858 regi
458 2785 493 2842 et
506 2777 669 2860 episcopo
685 2777 916 2842 Wintoniensi
931 2779 1206 2861 praesentabunt,
1222 2787 1262 2843 ut
1275 2779 1319 2844 de

373 2883 408 2940 te
423 2876 564 2951 saciant,
581 2877 672 2940 sicut
689 2876 731 2939 de
748 2874 909 2940 Huberto
931 2877 1056 2941 comite
1073 2875 1209 2940 Cautiae
1228 2876 1319 2942 fece·

371 2974 476 3037 runt.’
543 2974 771 3037 Marescallus
793 2992 875 3038 vero
899 2974 960 3038 vix
981 2975 1119 3038 credere
1144 2977 1319 3041 consensit

370 3071 485 3135 verbis
507 3073 635 3136 sororis
658 3091 743 3149 suae,
769 3091 949 3153 quousque
981 3072 1121 3136 modum
1146 3073 1318 3154 captionis

370 3176 406 3232 et
424 3186 447 3230 a
471 3187 540 3250 quo
566 3176 747 3251 caperetur
770 3170 1005 3252 probabilibus
1024 3171 1239 3252 argumentis
1262 3192 1318 3236 os-

369 3265 490 3329 tendit.
540 3265 591 3330 At
607 3286 722 3331 comes
740 3267 968 3333 Marescallus
985 3276 1070 3332 tunc
1086 3269 1197 3350 primo
1214 3270 1316 3334 dictis

368 3364 496 3426 sororis
515 3382 588 3427 suae
616 3365 717 3429 fidem
735 3365 902 3431 adbibens
925 3375 1026 3431 nocte
1053 3368 1317 3448 superveniente

369 3460 435 3524 iter
458 3463 615 3544 arripuit,
641 3483 705 3528 nec
729 3465 825 3546 prius
847 3465 992 3529 fraenum
1018 3465 1185 3542 cohibuit,
1206 3465 1314 3530 donec

367 3558 402 3622 in
425 3560 590 3624 Walliam
616 3561 761 3627 festinus
782 3563 898 3627 viator
921 3564 1091 3645 pervenit.
1132 3562 1315 3629 Venerunt

367 3666 484 3723 autem
505 3661 549 3722 ad
568 3660 777 3742 colloquium
800 3662 1000 3743 praedictum
1018 3681 1133 3726 comes
1153 3660 1316 3727 Cestren·

367 3757 428 3834 sis,
452 3777 566 3821 comes
593 3758 854 3835 Lincolniensis‚
879 3778 993 3823 comes
1020 3760 1063 3823 de
1082 3760 1254 3825 Ferrariis
1280 3768 1315 3826 et

366 3873 481 3919 comes
503 3855 698 3920 Richardus
717 3857 825 3922 frater
849 3859 952 3939 regis,
974 3877 1053 3922 cum
1078 3857 1157 3921 aliis
1179 3859 1314 3924 comiti-

366 3943 430 4016 bus
445 3961 480 4018 et
494 3955 680 4018 baronibus
703 3955 833 4033 multis,
855 3957 916 4020 sed
939 3956 1024 4019 nihil
1045 3956 1093 4020 ibi
1110 3964 1227 4022 actum
1251 3957 1316 4022 fuit

401 4123 409 4156 ¹
414 4127 552 4244 gemm]
578 4130 654 4179 Poris
673 4130 739 4179 adds
760 4130 826 4179 ‘ent
886 4126 1314 4193 'Sororemc1‘1ssbella5’Ptris

364 4208 413 4256 nep
440 4196 483 4247 m.'
