2978 4996
408 430 453 492 54
663 441 798 490 nocnru
822 442 869 489 un
892 442 1099 491 wnunovna

251 616 375 657 nir-12¹⁹·
413 601 473 664 riis
510 602 624 664 sancti
660 599 858 679 lobannis3
910 598 1047 681 legatus
1082 608 1118 664 et
1150 601 1363 683 patriarcha,

251 668 313 714 stege
321 666 346 704 ot

253 716 367 756 nmina
415 700 474 783 qui
499 720 634 764 crucem
661 700 835 782 portabat,
867 699 1026 776 multum,
1058 700 1118 763 sed
1149 700 1291 777 frustra,
1324 709 1364 766 ut

415 800 625 877 resisterent,
662 799 916 880 supplicabant.
985 799 1108 862 AEstus
1144 800 1228 863 solis
1259 800 1363 865 vehe-

415 918 512 962 mens
534 905 619 974 erat,
643 898 734 961 unde
757 897 891 978 pedites
917 917 1089 962 armorum
1111 898 1263 980 pondere
1285 919 1365 981 pro·

416 999 608 1074 mebantur,
633 996 728 1061 calor
755 997 856 1059 auxit
879 997 1031 1061 laborem
1061 998 1140 1075 viae,
1165 998 1283 1082 etqui
1309 1017 1364 1063 se·

415 1117 493 1161 cum
529 1097 725 1161 detulerant
761 1097 877 1159 vinum
914 1097 1075 1159 biberunt
1105 1096 1189 1161 illud
1227 1117 1363 1180 purum,

416 1203 557 1278 propter
582 1214 683 1278 aquae
716 1194 899 1270 defectum,
928 1195 964 1258 in
994 1197 1158 1276 angustia
1188 1196 1275 1271 sitis,
1303 1197 1364 1279 qui

416 1303 497 1376 post
523 1295 652 1376 primos
679 1293 851 1374 fugientes
881 1293 1006 1356 anhelo
1037 1313 1139 1356 cursu
1169 1302 1269 1377 terga
1302 1295 1363 1359 de·

417 1393 543 1456 derunt
563 1393 794 1482 exstinctique
817 1393 892 1455 sine
919 1392 1120 1456 vulneribus
1147 1401 1363 1458 corruerunt.

419 1491 497 1554 Rex
522 1511 602 1555 vero
627 1491 859 1565 Hierusalem,
882 1510 958 1553 cum
975 1490 1183 1573 Templariis
1205 1500 1239 1555 et
1261 1492 1365 1556 domo

417 1589 686 1654 Teutonicorum
715 1598 750 1652 et
774 1589 937 1672 hospitali
965 1591 1077 1654 sancti
1108 1589 1131 1652 J
1134 1589 1291 1667 ohannis,
1321 1591 1366 1654 de

419 1689 648 1766 Houtlandia,
666 1688 709 1751 de
723 1687 858 1765 Wicbo,
875 1687 918 1751 de
936 1689 1158 1771 Salebrcgge,
1170 1697 1207 1753 et
1220 1688 1366 1754 Cestrioe

418 1787 612 1865 comitibus,
642 1807 788 1869 cumque
808 1787 967 1852 Waltero
1001 1788 1169 1864 Bertoldi,
1199 1787 1368 1870 Reginal-

375 1898 381 1907 ·
418 1887 464 1950 do
485 1886 528 1950 do
560 1887 684 1964 Ponte,
709 1887 946 1968 Francigenis,
970 1885 1119 1963 Pisanis,
1141 1895 1176 1951 et
1198 1888 1366 1952 militibus

419 2005 464 2049 ex
500 1987 697 2051 nationibus
731 1985 890 2062 diversis,
925 1986 1091 2067 impetum
1127 1987 1368 2051 sustinuerunt

419 2104 647 2167 paganorum,
674 2092 708 2148 et
739 2077 819 2166 ¹pro
847 2104 946 2148 muro
976 2084 1116 2150 fuerunt
1141 2085 1367 2168 fugientibus,

420 2186 556 2267 quoties
579 2185 648 2247 illis
671 2201 754 2246 suas
779 2181 885 2247 facies
914 2183 1169 2264 ostendebant;
1198 2203 1262 2248 rex
1284 2204 1369 2249 vero

423 2282 643 2347 Hierusalem
677 2283 757 2362 igne
794 2280 920 2346 Graeco
956 2282 1027 2346 fere
1057 2283 1122 2348 fuit
1155 2284 1366 2349 combustus.

424 2381 528 2463 Capti
551 2388 634 2444 sunt
652 2388 769 2444 autem
793 2381 830 2443 in
855 2380 917 2445 illo
940 2381 1105 2446 conflictu
1128 2402 1174 2446 ex
1198 2382 1368 2448 Christia-

420 2480 473 2542 nis
503 2479 634 2543 electus
662 2479 885 2543 Belvacensis
914 2487 950 2544 ot
975 2479 1082 2545 frater
1103 2481 1180 2565 ejus
1207 2479 1368 2546 Andreas

420 2578 463 2641 de
490 2572 658 2655 ²Nantes,
684 2579 874 2642 vicecomes
909 2578 1152 2655 Belli-montis,
1175 2581 1368 2659 Walterus,

423 2679 512 2759 regis
537 2678 750 2742 Francorum
774 2679 996 2754 camerarius,
1021 2697 1062 2742 ac
1085 2677 1177 2744 filius
1200 2679 1277 2763 ejus
1302 2679 1325 2742 J
1328 2701 1367 2745 o·

421 2777 553 2841 hannes
570 2777 613 2841 de
630 2775 744 2855 Arois,
764 2776 938 2841 Henricus
954 2777 998 2840 do
1017 2777 1133 2842 Ulmo.
1178 2777 1368 2861 Templarii

421 2878 566 2958 triginta
591 2884 662 2940 tres
685 2878 780 2958 capti
807 2883 889 2939 sunt
907 2876 962 2940 vel
983 2875 1167 2953 interfecti,
1194 2895 1274 2941 cum
1294 2898 1367 2942 ma-

422 2975 591 3039 reschallo
612 2974 794 3055 hospitalis
816 2975 927 3038 sancti
950 2973 1123 3039 Johannis
1145 2983 1180 3039 et
1202 2975 1368 3041 iratribus

421 3074 627 3156 quibusdam
653 3072 807 3153 ejusdem
830 3073 976 3153 domns;
1003 3093 1066 3138 nec
1091 3075 1213 3138 domus
1235 3075 1368 3140 Teuto-

421 3172 576 3234 nicorum
602 3171 732 3252 absque
755 3170 881 3236 damno
909 3171 1033 3238 evasit.
1086 3173 1175 3237 Sunt
1199 3182 1368 3256 praeterea

421 3270 480 3333 alii
510 3269 610 3332 multi
634 3269 798 3333 trucidati
826 3279 862 3334 et
886 3272 922 3334 in
951 3272 1187 3353 captivitatem
1214 3273 1367 3339 abducti.

423 3368 552 3432 Militia
569 3376 683 3433 autem
700 3368 848 3451 Templi,
867 3389 946 3452 quae
962 3371 997 3434 in
1016 3372 1257 3452 congressione
1276 3375 1368 3438 solet

421 3487 497 3530 osse
510 3469 634 3550 prima,
649 3469 685 3531 in
700 3488 859 3550 regressu
872 3469 939 3532 fuit
952 3469 1095 3550 ultima3
1112 3470 1215 3548 unde,
1228 3490 1307 3535 cum
1322 3473 1368 3536 ad

421 3566 589 3632 fossatum
613 3566 887 3632 Christianorum
912 3568 1101 3631 novissima
1119 3569 1258 3648 rediret,
1280 3577 1369 3635 tam-

421 3668 479 3730 diu
515 3667 614 3731 sortis
648 3668 805 3731 substitit
834 3686 1015 3750 quousque
1052 3667 1242 3733 anteriores
1276 3669 1369 3735 intra

420 3767 549 3830 moenia
564 3767 711 3830 fuissent
727 3766 887 3847 ingressi.
938 3766 1038 3830 Tunc
1057 3767 1224 3831 increduli
1240 3770 1371 3833 reversi

421 3866 563 3929 suntad
587 3866 805 3930 abducendos
825 3867 982 3948 captivos
1005 3885 1087 3930 suos
1110 3874 1145 3931 et
1164 3868 1277 3950 spolia
1298 3869 1371 3932 col·

455 4037 525 4087 ¹Pro
538 4041 886 4104 marosncruntsngieutibus,
911 4039 1054 4102 tenderunt,
1071 4042 1146 4090 toties
1164 4043 1283 4093 Saraceni
1299 4044 1374 4107 fuge-

422 4108 516 4169 quotics
540 4109 591 4156 illis
613 4124 670 4157 suna
679 4111 760 4167 socies
775 4113 885 4159 ostende·
910 4110 995 4168 runt3’
1011 4111 1069 4160 Jnc.
1082 4110 1283 4174 deVitriaco,p.
1297 4118 1372 4167 11³⁹.

421 4177 503 4240 bant]
521 4178 650 4229 ‘Quoties
668 4178 748 4228 iacies
765 4194 827 4229 suas
845 4194 885 4228 os·
946 4177 1082 4243 'NunteaJ
1099 4177 1261 4243 ‘Nnutoli03’
1274 4182 1336 4235 idid.
