2978 4996
379 421 520 470 neonus
544 423 814 475 nrsronmnnu.
1035 412 1078 476 61

126 599 187 644 rus
202 579 336 644 medius
352 580 478 662 viginti
499 588 579 644 octo
601 586 713 644 turres
736 581 841 647 habet
860 585 1080 667 principales,
1096 599 1219 640 anun.

126 680 227 744 binas
244 680 299 744 vel
318 688 435 744 ternas
452 680 642 743 testudines
662 682 891 759 continentes,
910 704 988 767 quae
1006 705 1080 749 om·

127 798 189 842 nes
212 780 358 860 integrae
381 787 622 843 remanserunt
637 787 763 862 praeter
779 800 894 859 unam,
912 804 991 867 quae
1009 805 1081 849 cre·

128 879 199 942 bris
213 879 339 942 ictibus
352 879 522 942 trebuculi
536 878 811 960 Templariorum
827 881 1080 964 aliquantulum

127 997 298 1041 concussa
321 977 411 1056 fuit3
439 978 549 1041 voluit
573 979 665 1041 euim
688 977 785 1042 Deus
809 978 980 1062 integram
1007 989 1079 1045 tra·

127 1077 208 1140 dere
236 1096 312 1141 eam
338 1077 449 1140 servis
473 1077 557 1153 suis,
584 1084 625 1141 ut
650 1077 783 1141 elavem
807 1088 843 1143 et
866 1081 1080 1145 antemurale

128 1177 236 1240 totius
265 1184 366 1240 terrae
396 1176 556 1258 AEgypti.
623 1175 699 1239 Sita
732 1185 786 1240 est
813 1185 928 1241 autem
955 1180 1079 1243 civitas

128 1275 219 1338 inter
233 1274 403 1339 Ramesse
418 1282 454 1338 et
467 1294 626 1356 campum
637 1274 823 1356 Taphneos
838 1278 874 1340 in
887 1283 979 1341 terra
993 1277 1079 1342 Ger·

128 1367 218 1450 sen,¹
239 1381 278 1438 ut
291 1375 462 1458 conjicere
477 1381 624 1455 possunt
642 1373 843 1451 Christiani,
857 1396 936 1459 quae
954 1397 1079 1460 pascu-

128 1471 195 1535 alis
210 1480 275 1550 est,
292 1493 395 1556 quam
413 1473 476 1535 filii
493 1472 604 1536 Israel
620 1481 774 1556 ternpore
787 1474 888 1538 famis
905 1478 1080 1558 petierunt

129 1590 151 1634 a
168 1570 364 1650 Pharaone,
380 1573 472 1635 sicut
488 1571 615 1653 legitur
631 1573 667 1635 in
682 1574 791 1637 veteri
806 1573 1046 1641 Testamenta.

353 1746 402 1808 De
418 1744 559 1830 captione
574 1743 673 1809 castri
689 1743 857 1829 Teplncos.

180 1838 313 1953 Capta²
341 1869 449 1950 igitur
479 1868 655 1944 Damieta,
683 1868 779 1931 missi
809 1876 891 1931 sunt
920 1870 1079 1952 explora·
1092 1888 1215 1978 οιρωῦωῑ

130 1979 224 2034 tores
246 1969 290 2032 ad
314 1970 467 2032 virorum
488 1968 594 2043 mille,
616 1967 653 2029 in
679 1967 768 2030 festo
788 1968 900 2031 sancti
922 1940 1180 2032 clemen-”¹¹⁰⁴

129 2069 188 2146 tis,
204 2068 241 2131 iu
257 2067 428 2131 naviculis
444 2087 506 2148 per
526 2085 672 2148 parvum
694 2065 833 2142 flumen,
851 2065 944 2148 quod
960 2066 1079 2148 Taph-

131 2169 186 2231 nis
208 2167 417 2249 appellatur,
443 2172 483 2228 ut
508 2165 551 2229 de
580 2164 769 2229 castellulis
793 2173 829 2228 et
851 2164 944 2229 villis
966 2166 1080 2229 victu·

131 2267 202 2330 alia
225 2273 420 2349 quaererent
443 2271 479 2328 et
502 2265 591 2328 situs
619 2265 771 2327 locorum
796 2263 995 2346 diligentius
1018 2284 1081 2328 ex-

129 2367 317 2449 plorarent.
385 2363 473 2428 Cum
513 2369 629 2426 autem
665 2364 1002 2445 appropinquassent
1033 2365 1079 2431 ad

131 2471 284 2529 castrum
312 2462 485 2545 quoddam
510 2462 553 2526 de
584 2462 719 2525 nomine
747 2461 898 2526 fluminis
926 2464 1081 2546 appella·

38 2557 45 2572 '
134 2571 220 2641 tum,
243 2561 407 2626 Saraceni
428 2562 488 2644 qui
511 2561 547 2624 in
573 2561 650 2643 ejus
675 2561 837 2643 praesidio
864 2571 976 2639 erant,
997 2562 1081 2627 visis

133 2660 355 2737 Christianis,
385 2661 632 2723 existimabant
660 2661 850 2725 exercitum
879 2668 989 2724 totum
1018 2661 1081 2724 ad·

132 2761 263 2837 venire,
288 2759 379 2822 unde
405 2760 514 2841 portis
537 2759 706 2823 obseratis
727 2758 909 2839 fugerunt3
937 2757 1084 2822 Christi·

133 2860 192 2924 ani
218 2878 301 2924 vero
326 2857 501 2922 Christum
529 2858 577 2921 ibi
604 2858 718 2920 solum
743 2857 961 2937 capitaneum
986 2856 1082 2920 inve·

132 2959 266 3023 nientes
298 2964 449 3021 castrum
478 2957 639 3021 alacriter
666 2955 894 3019 intraverunt.
946 2954 1082 3020 Testati

132 3064 214 3121 sunt
237 3056 355 3119 fideles
380 3056 521 3133 reversi,
548 3074 586 3119 se
613 3074 799 3144 nunquam*
813 3055 850 3117 in
875 3054 980 3136 plano
1004 3074 1081 3118 cas·

132 3155 253 3220 tellum
286 3154 409 3219 fortius
444 3154 665 3235 inspexisse3
710 3153 815 3217 habet
846 3155 937 3217 euim
969 3161 1081 3218 turres

133 3261 266 3338 septem
304 3253 523 3330 fortissimas,
556 3261 591 3317 et
619 3254 768 3334 desuper
798 3253 989 3317 testudines
1021 3273 1083 3335 per

133 3373 280 3438 gyrum3
305 3352 435 3435 duplici
454 3352 586 3416 fossato
611 3353 764 3433 cingitur
785 3358 820 3414 et
838 3359 985 3434 utroque
1006 3372 1082 3415 mu·

133 3460 225 3529 rato,
249 3451 379 3515 habens
407 3450 633 3515 antemurale.
686 3451 800 3514 Lacus
822 3469 861 3513 se
886 3450 1084 3515 diffundunt

133 3551 304 3616 inlatum
332 3569 394 3633 per
421 3550 614 3626 circuitum,
643 3550 733 3612 unde
760 3548 796 3611 iu
822 3548 944 3630 hyeme
967 3549 1082 3612 aditus

133 3650 308 3733 equitibus
343 3647 491 3713 difficilis
529 3656 594 3725 est,
627 3655 732 3731 atque
769 3647 804 3710 iu
838 3654 960 3711 aestate
995 3646 1082 3710 adeo

132 3749 367 3831 impossibilis,
390 3754 430 3811 ut
447 3766 623 3829 nunquam
645 3766 708 3829 per
725 3745 936 3809 obsidionem
956 3763 977 3807 a
994 3764 1081 3826 quo-

132 3849 219 3913 libet
238 3853 431 3930 caperetur.
484 3846 599 3910 Lacus
624 3844 682 3909 ille
706 3844 807 3908 valde
834 3843 990 3924 piscosus
1016 3851 1081 3921 est,

132 3968 213 4012 nam
236 3947 279 4010 de
299 3946 456 4029 piscariis
478 3946 553 4029 ejus
579 3950 729 4028 quatuor
754 3941 862 4005 millia
888 3960 1082 4005 marearum

169 4123 319 4186 Ἔπη]
341 4117 481 4173 ‘Gressen'
504 4123 530 4170 in
549 4123 594 4180 G.;
656 4113 781 4186 'enpust
802 4119 862 4170 Jac.
879 4119 911 4170 de
922 4120 1046 4183 Vitriaco,
1057 4137 1083 4183 p.

135 4188 515 4256 ‘Gasem‘saadevitriaoa
623 4193 695 4240 114³.
