2978 4996
461 457 600 506 ruosrs
625 458 894 508 HtsTORtARUM.
1097 446 1162 511 173

208 613 427 696 redegerunt.
481 615 663 679 Hubertus
677 635 760 680 vero
770 615 999 698 justiciarius
1017 636 1095 680 cum
1115 619 1161 682 si·
1175 641 1228 681 in.
1239 643 1296 683 un.

211 721 283 777 tum
311 714 377 777 loci
396 714 496 797 quasi
520 715 825 798 inexpugnabilem
845 715 1064 794 advertisset,
1079 738 1161 800 rege

210 814 457 890 consentiente,
485 814 593 898 jussit
624 815 672 877 ibi
695 814 875 878 castellum
904 816 1053 895 firmari3
1088 818 1161 895 sed,

210 920 395 995 antequam
419 932 511 995 opus
532 913 708 995 inceptum
729 914 773 976 ad
797 913 1041 995 perfectionem
1067 918 1161 979 veni·

210 1019 275 1088 ret,
300 1013 401 1076 multi
427 1013 588 1094 utrinque
610 1011 781 1076 interfecti
805 1020 899 1090 sunt,
922 1022 956 1078 et
970 1014 1023 1078 vir
1038 1015 1162 1081 nobilis

211 1110 407 1175 Willelmus
435 1112 477 1174 de
504 1112 665 1188 Brausia‚
687 1112 768 1174 dum
791 1112 956 1176 victualia
979 1122 1161 1195 quaereret,

211 1229 233 1273 a
247 1209 484 1275 Wallensibus
499 1218 622 1292 captus
641 1212 725 1273 etin
741 1211 887 1274 vinculis
911 1220 964 1276 est
979 1213 1161 1278 abductus.

212 1308 362 1386 Quidam
379 1311 484 1373 etiam
499 1309 609 1385 mileS,
632 1329 734 1391 quem
758 1329 820 1373 rex
841 1330 951 1392 nuper
970 1311 1162 1376 donaverat

211 1408 350 1490 cingulo
367 1409 519 1485 militari,
536 1429 612 1473 cum
634 1409 712 1472 aliis
734 1407 777 1472 ad
796 1410 960 1474 victualia
975 1412 1161 1493 quaerenda

212 1507 363 1586 exierat3
387 1527 466 1571 cum
488 1509 599 1572 socios
621 1508 665 1571 ab
680 1508 836 1571 hostibus
859 1509 992 1574 videret
1013 1511 1160 1593 praeclu-

212 1625 281 1685 sos,
297 1607 333 1669 in
353 1607 484 1670 medios
505 1606 622 1671 hostes
640 1608 806 1670 audacter
824 1610 993 1692 prorupit,
1008 1618 1055 1686 et,
1071 1611 1161 1673 mul·

213 1707 258 1769 tis
281 1726 326 1769 ex
345 1706 563 1770 obstantibus
585 1707 813 1788 interemptis,
835 1708 909 1790 ipse
926 1709 1064 1772 tandem
1082 1729 1159 1772 cum

212 1805 416 1887 quibusdam
433 1805 511 1868 aliis
527 1806 569 1869 de
584 1806 738 1869 exercitu
761 1806 853 1887 regis
875 1808 1035 1872 occubuit
1056 1809 1161 1871 inter·

210 1904 332 1968 fectus.
384 1905 495 1968 Erant
524 1912 640 1968 autem
663 1903 762 1966 multi
785 1924 829 1967 ex
853 1905 1039 1987 majoribus
1062 1926 1161 1969 exer·

210 2005 299 2067 citus
316 2004 420 2086 regis,
435 2005 584 2086 quicum
603 2003 746 2068 Loelino
762 2011 861 2067 erant
875 2004 1100 2068 confoederati
1118 2025 1159 2069 ac

212 2104 286 2185 regi
303 2103 382 2167 ficte
399 2104 640 2182 adhaesernnt3
667 2103 770 2180 unde,
793 2103 971 2166 deficiente
997 2104 1033 2167 in
1061 2124 1161 2167 exer-

211 2202 282 2266 citu
310 2203 401 2266 omni
428 2202 669 2266 alimentorum
696 2222 833 2282 genere,
859 2210 1000 2266 coactus
1021 2210 1075 2266 est
1098 2224 1160 2269 rex

212 2309 348 2383 turpem
365 2302 451 2365 inire
467 2302 698 2379 concordiam,
724 2302 760 2364 in
786 2301 851 2366 hoc
874 2303 1103 2381 consentiens,
1121 2311 1160 2368 ut

212 2400 392 2465 castellum
420 2402 555 2483 magnis
582 2401 776 2483 sumptibus
803 2401 875 2465 fere
898 2402 973 2486 jam
1000 2421 1159 2467 consum·

212 2508 343 2564 matum
367 2500 476 2583 ipsius
502 2500 594 2580 regis
622 2500 900 2583 complanaretur
923 2503 1096 2584 expensis,
1124 2511 1160 2567 et

213 2599 377 2664 Loelinus
404 2619 467 2682 pro
490 2599 665 2663 laboribus
692 2601 783 2681 regis
806 2609 841 2664 et
868 2602 1032 2683 impensis
1060 2601 1159 2666 daret

213 2700 281 2763 tria
298 2699 406 2762 millia
421 2718 556 2762 marcas
576 2700 684 2763 eidem
701 2700 787 2780 regi,
810 2708 845 2763 et
861 2700 911 2762 sic
927 2699 1055 2762 foedere
1075 2720 1158 2764 con-

212 2798 349 2862 firmato
369 2799 608 2881 unusquisque
634 2798 677 2862 ad
703 2799 844 2881 propria
868 2806 1059 2877 remearet;
1092 2799 1159 2862 sic·

213 2917 279 2981 que
293 2918 356 2962 rex
376 2897 526 2979 Angliae,
548 2906 734 2981 postquam
756 2917 818 2980 per
840 2904 911 2960 tres
933 2896 1004 2959 sere
1026 2917 1159 2961 menses

211 2997 248 3060 in
262 2998 519 3061 constructione
541 2998 674 3061 castelli
698 2996 853 3079 praedicti
875 3004 1063 3079 occupatus
1086 2997 1159 3060 iue-

212 3104 267 3160 rat
289 3104 325 3160 et
347 3097 528 3178 pecuniam
554 3096 725 3161 infinitam
749 3097 917 3161 inutiliter
939 3116 1159 3178 consumpse·

212 3203 278 3270 rat,
296 3203 495 3259 remanente
513 3189 707 3260 ¹Willelmo
728 3196 771 3261 de
787 3197 936 3262 Brousia
957 3197 992 3260 in
1012 3197 1159 3261 vinculis

212 3294 359 3372 Loelini,
378 3295 454 3358 viro
480 3294 598 3372 nobili,
622 3297 850 3377 ignominiose
873 3297 917 3360 ad
939 3298 1081 3379 propria
1107 3317 1161 3361 re·

210 3396 350 3458 meavit.
385 3394 431 3457 Et
443 3401 526 3458 tnnc
539 3395 668 3458 multos
682 3396 868 3460 commovit
879 3397 922 3460 ad
941 3398 1058 3473 risum,
1068 3397 1160 3479 quod

210 3494 421 3575 cumprime
448 3502 706 3558 construeretur
728 3495 918 3572 castellum,
941 3496 1157 3579 justiciarius

245 3682 254 3716 ¹
267 3679 566 3752 witternensi-auria]
585 3685 616 3734 In
627 3685 670 3734 the
695 3686 801 3746 Breans,
815 3687 933 3735 baronem
949 3686 1067 3746 nobilem,
1084 3700 1159 3746 quern

210 3754 303 3805 Cbron.
315 3755 410 3805 Dunst.
422 3756 443 3802 it
454 3755 551 3816 iseaid,
567 3755 623 3804 that
638 3755 671 3804 he
695 3756 728 3804 ad
757 3756 823 3804 festa
851 3753 988 3804 Paschalia
1010 3756 1161 3804 invitaverat

208 3824 341 3875 redeemed
352 3823 456 3874 himseli
467 3825 506 3872 sor
516 3825 586 3873 three
597 3825 671 3873 thon-
696 3830 754 3886 post
771 3825 934 3886 epistolarum
954 3824 1062 3884 copiam,
1084 3840 1161 3885 super

209 3895 273 3944 rand
295 3895 382 3943 marks
404 3894 454 3943 and
476 3894 519 3942 the
546 3895 625 3943 castle
646 3895 676 3943 os
696 3894 821 3942 adulterio
832 3893 998 3942 etriolatione
1010 3894 1096 3942 uxoris
1105 3908 1160 3944 snae

209 3963 673 4026 Poetwhichhegavetohlevvellvn
697 3977 830 4024 accusans,
855 3968 881 4011 et
907 3963 1031 4011 malitiose
1053 3978 1112 4012 enm
1136 3969 1162 4013 et

209 4034 272 4082 vvith
290 4033 331 4082 his
349 4033 476 4096 daughter
495 4034 521 4080 in
540 4034 673 4096 marriage.
698 4032 823 4081 hostiliter
839 4046 976 4095 aggressus
993 4037 1041 4094 est,
1058 4038 1084 4082 et
1102 4049 1161 4082 enm

209 4102 379 4165 Hemingford
400 4103 460 4152 thus
483 4102 611 4152 describes
634 4103 674 4151 his
699 4104 725 4151 in
737 4116 862 4150 carcerem
881 4102 987 4151 trudens
1007 4108 1086 4152 morte
1108 4109 1162 4152 tur·

209 4172 299 4223 death:
311 4173 403 4221 ‘Anno
411 4188 470 4222 vero
481 4173 597 4233 sequenti
606 4173 674 4222 Len·
700 4173 805 4234 pissima
820 4178 846 4222 et
861 4173 957 4233 absque
978 4173 1045 4222 omni
1061 4174 1162 4236 judicio

208 4243 277 4292 linus
310 4242 418 4291 eundem
449 4241 615 4291 willielmum
643 4242 675 4291 de
700 4238 960 4292 finaliterinteremit.’
