2978 4996
474 433 615 483 rnonns
639 434 912 486 nrsronranun.
1099 426 1165 491 205

207 591 435 674 pervenisset,
451 591 561 655 iratus
585 603 638 656 est
662 592 885 658 vehementer
905 603 940 658 et
959 595 1087 658 crimen
1112 603 1164 660 te·
1180 615 1235 656 nn.
1247 617 1302 655 aaa

210 698 282 754 tum
299 692 335 754 in
353 690 550 754 Hubertum
569 692 611 755 de
630 693 764 772 Burgo,
783 693 1030 776 justiciarium,
1051 696 1166 758 refun-

208 790 298 857 dere.
307 791 455 866 curavit,
471 798 518 866 et,
534 792 754 854 audientibus
769 794 917 868 cunctis,
936 794 1076 856 vocavit
1089 815 1167 857 eum

210 908 325 952 senem
341 888 564 971 proditorem,
575 891 813 971 improperans
825 891 868 966 ei,
878 891 970 973 quod
984 892 1074 955 hunc
1089 913 1168 973 pro-

212 989 348 1052 curavit
372 987 542 1050 defectum
575 1008 638 1069 pro
671 990 825 1070 quinque
852 990 1003 1053 millibus
1030 993 1167 1066 marcis,

213 1105 300 1169 quas
327 1107 348 1150 a
374 1087 496 1167 regina
526 1087 739 1149 Francorum
769 1096 965 1169 acceperat,
1000 1097 1039 1151 ut
1067 1110 1168 1153 suum

214 1186 429 1268 propositum
447 1185 638 1266 impediret,
660 1194 695 1249 et
712 1186 867 1266 gladium
890 1188 990 1269 quasi
1006 1187 1096 1250 furia
1116 1190 1169 1251 in-

214 1292 335 1348 vectus
351 1303 412 1346 rex
427 1284 577 1347 educens
586 1284 697 1348 voluit
710 1285 942 1366 justiciarium
957 1287 1167 1366 interficere3

215 1383 274 1446 sed
295 1401 410 1446 comes
431 1383 625 1446 Castrensis
646 1382 867 1465 Ranulphus,
891 1393 925 1448 et
943 1385 1002 1448 alii
1025 1387 1084 1467 qui
1108 1387 1170 1449 ad-

217 1489 326 1558 erant,
346 1501 421 1545 sese
440 1483 699 1564 interponentes
724 1483 838 1564 ipsum
864 1502 886 1546 a
905 1485 1026 1547 mortis
1049 1486 1169 1548 discri-

217 1580 307 1644 mine
322 1589 527 1660 servarunt3
551 1588 588 1645 at
603 1581 662 1644 ille
679 1601 700 1644 a
717 1582 808 1662 regis
829 1584 1015 1664 praesentia
1034 1603 1072 1647 se
1090 1586 1170 1647 suh·

219 1680 339 1756 traxit,
354 1680 463 1743 donec
478 1679 530 1743 ira
553 1700 615 1743 rex
633 1680 792 1762 deposita
813 1682 965 1744 animum
982 1683 1169 1764 mitigaret.

221 1777 402 1861 Applicuit
419 1779 552 1842 interea
574 1780 609 1841 in
629 1786 733 1860 portu
758 1779 818 1842 illo
841 1799 955 1843 comes
979 1781 1171 1846 Britanniae

220 1870 408 1941 Henricus¹
427 1878 575 1960 septimo
592 1877 669 1940 idus
686 1878 860 1951 Octobris,
880 1880 940 1959 qui
959 1898 1074 1959 regem
1089 1900 1171 1943 con-

220 1976 345 2040 ducere
361 1976 480 2039 debuit
493 1977 527 2038 in
547 1984 673 2040 terram
689 1995 787 2039 suam
800 1977 863 2040 sub
878 1977 976 2041 salvo
987 1977 1172 2055 conductu,

220 2074 311 2140 sicut
332 2075 529 2139 condictum
554 2075 668 2140 fuerat
694 2077 785 2139 inter
813 2096 873 2140 eos
896 2084 932 2141 et
954 2085 1172 2140 sacramento

222 2173 416 2254 firmatum3
439 2175 607 2238 sedidem
625 2195 752 2252 comes,
768 2195 846 2238 cum
863 2175 940 2239 aliis
958 2175 1173 2257 sapientibus

220 2272 264 2337 de
280 2273 446 2350 exercitu,
460 2273 629 2338 dederunt
645 2275 720 2355 regi
736 2274 929 2351 consilium,
944 2282 983 2338 ut
996 2275 1173 2356 negotium

221 2371 373 2436 differret
388 2373 563 2454 inceptum
582 2392 691 2454 usque
708 2374 752 2436 ad
768 2393 915 2454 sequens
928 2373 1077 2450 Pascha,
1092 2375 1174 2456 quia

225 2470 454 2552 periculosum
479 2480 554 2535 erat
580 2479 734 2554 tempore
759 2471 907 2555 hyemali
934 2474 1000 2536 iter
1022 2480 1095 2537 tam
1117 2492 1173 2535 ar-

224 2568 330 2633 duum
347 2570 510 2652 expedire
525 2591 534 2648 ;
563 2590 633 2651 quo
650 2571 781 2647 audito,
804 2592 866 2634 rex
888 2572 1061 2634 licentiam
1079 2573 1175 2635 dedit

220 2670 382 2733 'omnibus
411 2669 454 2732 ad
485 2669 626 2750 propria
657 2670 864 2745 revertendi,
897 2676 933 2732 et
960 2670 1175 2752 justiciarius

223 2788 301 2831 cum
319 2788 401 2849 rege
418 2767 620 2850 pacificatus
638 2776 703 2832 est.
756 2768 881 2831 Comes
901 2776 1015 2830 autem
1035 2768 1174 2830 Britan·

224 2868 291 2930 niae
314 2868 387 2948 regi
405 2867 486 2930 fecit
506 2866 705 2947 homagium
728 2876 851 2928 contra
878 2884 996 2928 omncs
1021 2866 1176 2929 homines

225 2964 269 3028 de
284 2966 486 3044 Britannia;
511 2972 545 3028 et
560 2985 622 3028 rex
638 2964 787 3028 reddidit
809 2966 840 3027 ei
864 2972 974 3029 totum
994 2964 1054 3048 jus
1075 2984 1175 3027 suurn

224 3064 260 3127 in
278 3065 419 3146 Anglia,
436 3072 482 3139 et,
498 3064 589 3127 datis
605 3065 635 3126 ei
653 3064 805 3146 quinque
823 3063 972 3127 millibus
989 3065 1113 3128 marcis
1131 3065 1175 3126 ad

224 3164 416 3228 custodiam
440 3171 540 3226 terrae
566 3182 652 3240 suae,
677 3163 807 3227 remisit
833 3183 912 3227 eum
939 3164 974 3226 in
1001 3164 1176 3244 regionem

225 3281 337 3326 suam.
396 3262 526 3324 Eodem
557 3281 648 3325 anno
678 3261 887 3339 Richardus,
916 3262 1177 3327 Cantuariensis

225 3360 516 3442 archiepiscopus,
532 3361 674 3441 pallium
689 3361 754 3424 sibi
770 3380 791 3424 a
805 3361 944 3425 domino
962 3382 1054 3445 papa
1067 3369 1177 3425 trans-

227 3461 369 3523 missum
399 3460 552 3541 suscepit
583 3480 675 3523 nono
708 3458 873 3523 kalendas
902 3461 1115 3537 Decembris,
1143 3468 1178 3523 et

227 3559 319 3641 apud
336 3559 561 3622 Cantuariam
578 3559 611 3621 in
632 3559 777 3622 ecclesia
791 3558 993 3635 cathedrali,
1009 3567 1178 3640 praesente

227 3678 308 3740 rege
334 3665 370 3721 et
392 3658 619 3739 suffraganeis
648 3658 831 3739 episcopia,
857 3657 976 3720 divina
999 3676 1076 3719 cum
1104 3658 1179 3738 ipso

228 3757 334 3838 pallio
350 3757 549 3820 celebravit.

264 3959 426 4023 'Harirmj
443 3960 497 4009 'l'he
516 3975 590 4008 name
607 3960 635 4008 ol
651 3959 694 4008 the
721 3960 809 4020 Henry
818 3973 873 4007 was
886 3958 929 4007 the
940 3973 1013 4007 name
1024 3956 1054 4005 oi
1061 3957 1103 4005 the
1112 3957 1181 4006 duke

229 4031 282 4080 earl
293 4030 323 4078 ol
332 4030 455 4090 Britauny
467 4029 556 4078 atthis
568 4031 629 4077 time
639 4044 694 4077 was
720 4029 749 4077 ol
759 4029 910 4091 Burgnudy.
945 4030 993 4077 See
1006 4026 1142 4088 Raynaldi,
1154 4028 1181 4077 ii.

229 4102 315 4159 Peter,
334 4099 469 4147 sumamed
488 4099 629 4155 Mauclerc,
649 4113 694 4147 son
721 4114 747 4160 p.
757 4102 796 4150 18.

227 4171 257 4220 oi
275 4168 432 4230 Robert11.,
447 4173 528 4218 comte
542 4169 574 4217 de
591 4169 694 4227 Dreux;
