2978 4996
367 438 434 504 308
616 455 749 503 noonnr
774 455 822 501 nn
844 453 1054 503 wuunovna

205 628 328 668 evum·
368 615 442 679 tino
467 616 582 678 autem
605 612 764 695 sepultus
788 620 843 677 est
864 614 956 696 apud
984 612 1153 677 Kilkenni
1182 613 1216 675 in
1244 633 1322 677 ora-

368 715 457 778 torio
475 713 621 777 fratrum
636 713 678 775 de
695 711 814 776 ordine
830 713 1018 789 Minorum,
1033 713 1092 775 nbi
1106 712 1183 794 ipse
1208 712 1321 776 adbuc

368 813 470 878 vivus
496 812 649 893 elegerat
675 811 898 892 sepulturam.
952 812 1123 876 Occubuit
1149 812 1319 893 siquidem

369 913 413 974 ob
441 930 582 974 causam
607 930 714 992 supra
737 911 901 992 scriptam
932 930 1047 975 comes
1076 911 1321 987 Marescallus,

370 1011 467 1074 miles
482 1010 655 1090 egregius,
673 1010 708 1071 in
723 1009 849 1072 literali
867 1011 1012 1073 scientia
1026 1009 1236 1073 sufficienter
1243 1030 1322 1074 eru-

370 1110 475 1183 ditus,
489 1109 640 1172 moribus
662 1107 823 1171 decenter
845 1116 880 1172 et
896 1109 1082 1171 virtutibus
1104 1116 1263 1186 ornatus,
1285 1111 1320 1172 in
1359 1171 1363 1179 ,

370 1208 424 1271 die
441 1208 654 1283 Palmarum,
668 1214 708 1270 ut
724 1206 874 1289 palmam
891 1227 913 1270 a
926 1207 1079 1270 Domino
1096 1208 1271 1289 acciperet
1284 1208 1320 1271 in

369 1307 565 1371 coelestibus
585 1326 648 1388 pro
669 1305 838 1382 mercede,
857 1306 917 1387 qui
934 1307 1025 1370 inter
1040 1306 1129 1369 filios
1144 1305 1322 1370 hominum

370 1407 458 1469 adeo
481 1405 603 1469 enituit
618 1404 727 1468 forma
750 1405 938 1488 speciosae,
961 1406 1049 1469 utin
1073 1406 1323 1487 compositione

370 1504 522 1585 corporis
555 1502 663 1585 ipsius
691 1502 766 1567 visa
798 1504 844 1567 sit
875 1512 1000 1568 natura
1028 1524 1106 1568 cum
1134 1505 1324 1570 virtutibus

370 1602 600 1666 contendisse.

428 1774 477 1838 De
493 1773 607 1838 ultione
622 1773 815 1838 eeubtorum
830 1783 938 1838 eontra
952 1775 1161 1840 consiliatores
1175 1778 1268 1862 repis.

209 1915 344 1955 normam
422 1897 510 1961 Haec
528 1905 656 1973 autem,
671 1896 856 1978 quaefacta
874 1905 974 1961 erant
987 1898 1030 1961 de
1046 1901 1171 1963 comite
1188 1900 1324 1965 Mares·

102 2008 106 2017 ’
208 1966 324 2056 ‘diff'
371 1998 518 2062 calloio
543 1996 725 2072 Hibernia,
748 1997 900 2059 nondum
922 2004 1007 2060 nota
1028 1996 1167 2063 fuerunt
1188 2000 1226 2063 in
1250 1998 1323 2064 An-

208 2071 314 2116 Wm'
371 2097 454 2178 glia,
466 2097 557 2160 unde
571 2094 768 2159 Richardus
784 2095 908 2158 Siuard
928 2116 1005 2159 cum
1021 2098 1158 2161 caeteris
1171 2099 1323 2164 exulatis

371 2196 413 2259 de
426 2195 703 2259 consiliatoribus
717 2194 820 2276 regis,
838 2214 900 2277 per
915 2215 1001 2277 quos
1011 2198 1234 2261 exterminati
1249 2198 1321 2262 sue·

370 2302 462 2370 rant,
481 2292 645 2356 ultionem
663 2300 858 2374 quaerentes
880 2294 966 2358 feria
988 2303 1113 2378 quarta
1135 2295 1170 2359 in
1193 2296 1322 2362 hebdo-

371 2392 475 2456 mada
487 2391 632 2454 Paschae
644 2392 906 2457 combusserunt
916 2393 1061 2457 aedificia
1073 2394 1222 2459 Roberti
1238 2397 1323 2462 Pas·

371 2491 496 2554 selewe
513 2491 549 2554 in
565 2490 788 2554 Suaneburne
801 2510 878 2554 cum
893 2492 1050 2573 frugibus
1065 2501 1100 2557 et
1114 2495 1321 2561 animalibus

372 2600 406 2655 et
422 2590 500 2653 aliis
523 2591 624 2654 rebus
645 2591 809 2667 inventis,
831 2611 910 2673 quae
928 2591 959 2654 ei
975 2593 1142 2657 damnosa
1161 2593 1321 2674 fuerunt3

372 2698 408 2754 et
435 2698 515 2773 post
536 2689 609 2753 dies
635 2709 765 2772 paucos
791 2692 1053 2753 combusserunt
1077 2690 1201 2756 horrea
1231 2695 1322 2778 ejus·

372 2789 448 2853 dem
476 2789 622 2853 Roberti
642 2807 720 2852 cum
744 2788 900 2869 frugibus
923 2796 959 2852 et
983 2791 1085 2853 rebus
1112 2792 1191 2855 aliis
1216 2813 1322 2877 prope

373 2889 490 2952 villam
517 2888 560 2951 de
591 2887 715 2952 Stanes
739 2895 841 2951 sexto
866 2887 1033 2951 kalendas
1057 2888 1157 2954 Maii.
1219 2891 1322 2970 Item,

373 2996 475 3051 sexto
504 3006 612 3050 nonas
637 2986 725 3049 Maii
745 2987 837 3050 inter
853 2987 1053 3070 Radingum
1076 2995 1113 3052 et
1128 2989 1322 3073 Wallinge·

373 3086 448 3149 ford
479 3088 516 3149 in
543 3083 692 3168 quadarn
718 3084 808 3149 silva
834 3095 1000 3168 ceperunt
1025 3107 1088 3150 sex
1114 3092 1323 3154 summarios

373 3183 540 3266 Stephani
567 3185 609 3247 de
636 3185 789 3266 Segrave
817 3194 991 3261 oneratos,
1020 3206 1098 3250 eum
1117 3207 1208 3270 equo
1241 3209 1323 3273 quo·

372 3281 452 3344 dam
475 3283 639 3363 pretioso,
664 3292 700 3348 et
717 3285 833 3348 omnia
855 3304 934 3366 quae
957 3285 1086 3349 domini
1107 3288 1201 3368 regis
1223 3298 1322 3354 erant

372 3380 577 3445 dimiserunt
592 3383 627 3445 in
647 3402 753 3465 pace;
778 3383 948 3465 Ivingeho
965 3404 1104 3467 quoque
1117 3385 1236 3450 villam
1257 3388 1323 3452 Pe-

372 3481 429 3556 tri,
439 3479 690 3545 Wintoniensis
710 3483 875 3564 episcopi,
892 3503 971 3546 cum
987 3483 1144 3547 domibus
1167 3492 1203 3549 et
1218 3488 1321 3551 rebus

370 3581 506 3645 cunctis
528 3582 690 3662 episcopo
711 3580 886 3645 damnosis
909 3591 1172 3647 concremarunt
1194 3593 1322 3666 quarto

368 3680 447 3743 idus
471 3678 570 3744 Maii.
623 3679 669 3743 Et
690 3680 808 3743 eodem
833 3688 987 3762 ternpore
1011 3700 1171 3763 proceres
1195 3682 1323 3748 Hiber-

369 3797 494 3842 nenses
515 3778 660 3843 castella
682 3778 883 3843 Marescalli
905 3787 940 3843 et
958 3779 1041 3862 jura
1060 3779 1242 3847 Hiberuiae
1265 3804 1323 3848 oc·

369 3945 437 3993 curis
461 3945 655 3993 medicinalibus
680 3945 764 4006 plagis
788 3945 835 3994 ad·
857 3950 945 3993 sancta
960 3945 1088 3995 Dominici
1099 3949 1211 4009 corporis
1228 3956 1255 3999 et
1266 3966 1324 4000 san·

368 4012 466 4072 bibitis,
484 4015 628 4074 quindecim
649 4014 751 4075 diebus,
768 4028 834 4074 quos
858 4015 982 4075 guinis..
996 4018 1197 4079 ‚communione,
1207 4019 1321 4069 debiturn

368 4084 391 4131 ei
409 4083 483 4131 Deus
502 4083 535 4131 ad
556 4084 730 4143 poenitentium
749 4085 834 4144 provi·
858 4084 975 4132 humane
993 4089 1091 4132 naturae
1109 4084 1252 4148 persolvit?
1270 4091 1323 4139 An·

368 4152 444 4209 derit,
462 4152 582 4213 expletis,
598 4155 624 4200 in
644 4153 727 4201 cordis
740 4155 833 4202 contri·
857 4155 909 4203 nal.
919 4154 1029 4204 Waverl.
1041 4170 1068 4218 p.
1081 4157 1137 4207 19⁰.

368 4219 445 4284 tione,
457 4236 566 4282 veraque
576 4222 741 4286 confessione,
748 4237 833 4273 sacro·
