2978 4996
419 429 486 496 208
680 446 816 494 uocum
844 446 891 493 na
914 443 1124 494 wnunovnn

256 625 380 664 ιιιιιιι,
417 604 490 667 suis
508 603 673 667 militibus
691 602 902 666 indumenta.
955 601 1035 665 Rex
1048 608 1164 665 autem
1176 601 1376 684 Anglornm

418 704 564 786 prodiga
578 703 785 767 liberalitate
805 702 878 783 regi
898 700 1080 765 Scotorum
1098 701 1248 765 contulit
1267 722 1377 784 equos

419 803 599 884 pretiosos,
621 821 699 865 cum
716 801 853 864 annulis
870 800 988 863 multis
1005 819 1046 863 ac
1062 800 1230 881 gemmis3
1256 809 1375 883 atque,

419 902 508 964 festo
535 921 596 982 per
622 901 773 964 triduum
794 900 1009 975 continuato,
1031 899 1264 980 epulabantur
1289 920 1376 983 quo·

421 1000 503 1064 tidie
526 999 714 1081 splendide,
742 1006 875 1062 tantam
900 999 1153 1062 solemnitatem
1176 998 1213 1061 in
1236 1001 1376 1064 exulta·

420 1101 514 1163 tione
533 1106 569 1163 et
586 1098 709 1162 laetitia
730 1097 954 1161 celebrantes.
1008 1097 1075 1160 Die
1096 1105 1212 1162 autern
1234 1107 1375 1180 quarto,

420 1199 583 1261 concione
599 1197 726 1273 soluta,
740 1217 803 1260 rex
817 1196 998 1259 Scotorum
1016 1197 1050 1259 in
1068 1215 1167 1260 suam
1184 1199 1375 1262 revertitur

420 1297 607 1378 regionem,
625 1316 686 1360 rex
703 1295 895 1377 Anglorum
912 1295 1111 1358 Londonias
1127 1298 1348 1378 properabat

480 1394 637 1476 Contigit
659 1394 779 1458 eodem
806 1402 971 1476 tempore,
994 1395 1031 1457 in
1055 1394 1110 1458 die
1132 1395 1266 1458 scilicet
1289 1415 1373 1459 con-

275 1524 303 1553 on
318 1524 352 1553 on.
419 1494 587 1557 versionis
615 1494 728 1557 sancti
757 1492 872 1570 Pauli,
906 1494 943 1556 in
982 1494 1066 1556 urbe
1101 1493 1373 1570 Londoniarum,

418 1593 501 1654 dum
531 1593 713 1673 episcopus
743 1592 897 1656 civitatis
934 1593 970 1654 in
1002 1591 1148 1655 ecclesia
1179 1592 1372 1657 cathedrali

419 1698 501 1754 ante
524 1691 636 1774 majus
662 1692 772 1755 altare
798 1698 908 1754 staret
932 1689 1100 1754 insulatus
1125 1691 1169 1754 ad
1192 1692 1373 1755 celebran-

419 1790 501 1853 dum
523 1791 653 1866 divina,
675 1797 847 1873 praesente
868 1789 998 1870 populo
1020 1788 1173 1853 civitatis
1196 1791 1241 1854 ob
1266 1790 1374 1856 hono-

421 1909 492 1952 rem
514 1889 607 1954 beati
634 1889 737 1953 Pauli
764 1896 988 1970 congregato,
1014 1889 1105 1969 quod
1133 1896 1232 1953 tanta
1256 1891 1374 1956 subito

420 1988 456 2051 in
490 2007 570 2053 aere
604 1988 699 2052 facta
733 1995 787 2051 est
819 1987 962 2051 nubium
995 1987 1148 2050 densitas
1182 1995 1218 2051 et
1249 1988 1375 2053 solaris

421 2087 635 2152 obnubilatio
666 2086 845 2160 claritatis,
874 2094 914 2150 ut
939 2087 1000 2151 vix
1028 2086 1142 2150 socius
1173 2087 1305 2151 socium
1338 2089 1375 2152 in

421 2187 567 2250 ecclesia
602 2185 719 2249 videre
751 2192 880 2267 posset.
943 2183 1206 2249 Admirantibus
1238 2189 1374 2252 cunctis

421 2292 457 2348 et
479 2284 569 2348 diem
588 2283 712 2365 judicii
734 2290 934 2364 suspectum
957 2283 1175 2360 habentibus,
1198 2284 1294 2348 iacta
1321 2294 1375 2349 est

424 2389 562 2463 repente
591 2382 734 2445 tonitrui
755 2381 842 2446 adeo
867 2382 1041 2446 horribilis
1064 2402 1169 2464 super
1192 2385 1373 2448 ecclesiam

421 2480 612 2555 concussio,
636 2488 675 2544 ut
689 2481 765 2562 ipsa
779 2480 935 2545 ecclesiae
953 2480 1083 2545 fabrica
1102 2489 1179 2546 tota
1193 2501 1271 2546 cunr
1288 2483 1375 2548 turri

422 2580 692 2643 eminentissima
714 2599 818 2661 super
840 2580 956 2662 capita
980 2581 1133 2644 omnium
1157 2601 1257 2645 ruere
1278 2583 1375 2647 vide·

422 2686 528 2742 retur.
579 2677 634 2741 Ex
663 2678 724 2741 illa
752 2687 867 2742 autem
893 2679 1071 2744 collisione
1101 2680 1245 2743 nubium
1273 2688 1373 2747 tanta

421 2776 575 2840 fulminis
596 2778 705 2842 exivit
724 2778 930 2852 coruscatio,
950 2785 990 2842 ut
1013 2786 1087 2843 tota
1108 2779 1257 2844 ecclesia
1278 2780 1374 2845 intus

422 2877 525 2957 ignea
541 2877 715 2940 videretur
729 2897 738 2954 ;
764 2895 828 2940 nec
849 2877 959 2940 defuit
975 2878 1080 2942 soetor
1093 2878 1184 2943 inter
1205 2878 1281 2942 haec
1299 2899 1375 2944 om·

423 2976 492 3051 nia,
521 2976 581 3038 sed
611 2976 662 3038 ita
688 2975 917 3038 intolerabilis
947 2975 1150 3053 habebatur,
1181 2984 1221 3040 ut
1255 2997 1374 3042 omnes

423 3075 481 3154 qui
505 3074 650 3137 aderant
667 3074 844 3155 exstingui
866 3074 1039 3148 timerent,
1061 3076 1180 3158 sicque
1197 3075 1241 3139 ad
1266 3076 1374 3140 millia

423 3172 603 3252 utriusque
622 3191 728 3235 sexus
750 3172 938 3249 hominum,
954 3175 1014 3255 qui
1036 3173 1072 3236 in
1094 3175 1240 3239 ecclesia
1262 3183 1373 3254 erant,

423 3268 508 3331 nibil
536 3269 651 3332 verius
680 3292 784 3353 quam
813 3280 957 3335 mortem
994 3273 1223 3355 suspicantes,
1253 3275 1373 3357 rapido

423 3387 526 3430 cursu
555 3372 764 3435 monasterio
794 3371 954 3436 exierunt
981 3374 1122 3436 attoniti
1151 3380 1187 3436 et
1212 3393 1374 3438 corruen-

423 3473 475 3529 tes
510 3467 545 3529 in
579 3476 706 3533 terram
747 3470 820 3533 sine
851 3488 956 3532 sensu
986 3471 1185 3553 aliquandiu
1217 3491 1373 3553 perman·

423 3574 552 3630 serunt.
605 3567 707 3632 Solus
738 3588 782 3631 ex
808 3570 900 3632 omni
927 3569 1148 3634 multitudine
1178 3571 1373 3654 episcopua,

423 3685 501 3729 cum
516 3687 586 3731 uno
603 3674 739 3732 tantum
761 3667 920 3744 diacono,
945 3676 1027 3732 ante
1048 3670 1161 3751 majus
1186 3669 1297 3734 altare
1319 3690 1374 3735 sa·

423 3766 490 3828 cris
520 3766 675 3830 vestibus
713 3766 854 3830 indutus
892 3767 1057 3833 remansit
1088 3768 1283 3851 intrepidus
1315 3789 1375 3834 ex·

423 3872 585 3945 spectans
602 3865 744 3928 Domini
758 3866 982 3930 voluntatem.
1016 3865 1108 3931 Aere
1130 3868 1271 3932 tandem
1294 3889 1375 3952 pur-

423 3970 519 4042 gato,
548 3984 625 4028 cum
661 3965 771 4028 omnis
802 3965 987 4029 multitudo
1015 3967 1184 4030 evadendi
1214 3966 1374 4032 fiduciam

423 4064 639 4144 concepisset
657 4071 692 4127 et
710 4064 889 4127 ecclesiam
914 4065 1041 4128 iterum
1066 4065 1189 4129 fuisset
1206 4066 1374 4148 ingressa,

423 4159 604 4242 episcopus
646 4163 817 4226 residuum
859 4164 974 4229 missae
1012 4165 1137 4231 devote
1175 4166 1372 4249 complevit.
