2978 4996
399 468 538 515 venans
563 469 832 519 nrsromnnuu.
1067 460 1090 520 5

137 643 213 686 cum
227 643 249 687 a
262 619 367 688 'l'esto
383 626 495 688 sancti
514 625 659 689 Martini
676 646 785 708 usque
799 627 840 690 ad
854 628 979 691 festum
996 628 1087 692 beati
1100 649 1155 690 au.
1167 650 1222 689 mo.

138 722 277 786 Nicolai
296 724 469 787 laborioso
487 725 588 786 nimis
606 734 746 807 sumptu
763 726 888 790 ibidem
904 727 1086 804 sedissent,

135 821 358 885 reddiderunt
378 822 563 885 Lodowico
586 824 822 905 municipium,
846 825 954 889 salvis
975 825 1086 889 inclu-

135 920 183 983 sis
212 921 314 984 rebus
346 921 418 984 suis
450 941 528 984 cum
561 923 659 1003 equis
690 931 726 985 et
753 925 870 989 armis.
935 924 1086 990 Reddito

136 1019 254 1101 itaque
285 1020 483 1101 municipio,
517 1020 617 1101 petiit
649 1020 733 1084 illud
768 1022 943 1086 Robertus
976 1022 1084 1085 filius·

136 1117 297 1194 Walteri,
320 1118 437 1181 dicens
469 1118 662 1182 custodiam
688 1119 780 1183 illius
810 1121 854 1184 ad
883 1140 962 1184 eum
994 1122 1084 1185 anti·

137 1236 205 1299 quo
232 1217 313 1300 jure
345 1225 528 1298 spectare;
562 1226 599 1281 at
625 1218 842 1295 Lodowicus
874 1238 952 1282 cum
981 1239 1085 1302 super

137 1313 202 1378 hoc
217 1334 239 1378 a
258 1316 485 1397 Francigenis
501 1316 679 1379 consilium
697 1318 928 1399 quaesivisset,
945 1337 1085 1400 respon·

137 1432 213 1476 sum
245 1422 300 1478 est
322 1416 366 1491 ei,
394 1415 486 1496 quod
513 1414 620 1495 Angli
650 1435 719 1477 non
750 1425 849 1479 erant
874 1416 971 1498 digni
996 1417 1085 1482 tales

137 1512 263 1577 habere
285 1513 472 1590 custodias,
496 1515 556 1596 qui
582 1513 712 1596 proprii
738 1515 866 1578 domini
891 1515 1085 1597 proditores

137 1612 287 1677 luerunt.
338 1612 438 1676 Tunc
475 1612 681 1676 Lodowicus
714 1613 806 1677 dicto
842 1614 998 1678 Roberto
1030 1634 1084 1678 re·

137 1710 288 1792 spondit,
322 1719 361 1774 ut
395 1712 567 1793 patienter
602 1712 789 1776 sustineret
821 1712 942 1788 donec,
978 1733 1084 1794 regno

137 1809 337 1892 subjugato,
363 1810 508 1891 singulis
535 1809 693 1874 redderet
714 1811 796 1894 jnra
826 1831 900 1875 sua.
954 1811 1085 1875 Eodem

137 1917 303 1990 tempore,
316 1910 352 1971 in
363 1902 437 1972 ²die
452 1909 563 1972 beatae
577 1908 775 1973 catharinae
786 1910 930 1990 virginis
948 1918 983 1973 et
993 1929 1084 1973 mar·

138 2009 235 2090 tyriS,
256 2009 366 2071 exivit
385 2008 427 2071 de
447 2026 584 2070 carcere
606 2007 731 2070 nobilis
753 2008 807 2071 vir
825 2008 1021 2073 Willelmus
1043 2009 1085 2072 dc

137 2105 315 2181 Albeneio,
342 2106 435 2169 facto
461 2107 558 2187 prius
580 2106 647 2169 line
674 2124 737 2187 pro
762 2106 997 2188 redemptione
1022 2126 1086 2170 sua

137 2224 200 2268 sex
223 2204 368 2268 millium
391 2224 605 2283 marcarum3
632 2207 704 2288 qui,
721 2204 814 2268 facto
832 2205 994 2286 homagio
1011 2206 1086 2286 regi

140 2303 305 2380 Heurico,
326 2303 469 2367 tradidit
491 2304 522 2365 ei
544 2303 634 2366 idem
662 2324 724 2367 rex
751 2304 932 2368 castellum
956 2303 998 2366 de
1019 2305 1085 2367 La-

140 2402 206 2465 fort
240 2402 284 2464 ad
324 2402 597 2478 custodiendum,
633 2403 724 2485 quod
755 2402 814 2466 ille
850 2402 1087 2467 strenuissime

138 2501 337 2565 custodivit.

286 2674 336 2737 Dc
350 2675 490 2759 captione
506 2675 626 2740 castelli
641 2675 677 2739 de
693 2674 934 2740 Barcdomstada

189 2797 395 2880 subjugato,
414 2807 453 2862 ut
473 2799 602 2863 dictum
622 2807 687 2874 est,
705 2800 893 2881 municipio
913 2798 955 2861 de
980 2797 1088 2862 Hert·
1100 2831 1232 2880 mm

140 2895 218 2971 fort,
257 2896 463 2961 Lodowicus
501 2899 536 2960 in
576 2897 630 2960 die
671 2897 783 2960 sancti
822 2896 961 2959 Nicolai
996 2897 1087 2977 apud
1099 2881 1237 2982 mmo·

141 2994 405 3059 Berchamstede
423 2997 603 3059 castellum
620 3015 658 3059 se
675 2995 852 3058 conferens
867 2995 953 3058 illud
970 2996 1088 3058 cuneis

139 3092 345 3157 militaribus
361 3095 612 3158 circumcinxit.
666 3095 820 3158 Barones
838 3114 921 3158 vero
936 3094 1088 3175 Angliae,

140 3192 211 3272 qui,
226 3192 373 3275 jubente
393 3193 591 3270 Lodowico,
609 3214 631 3257 a
645 3201 745 3275 parte
768 3195 873 3257 castri
894 3193 1089 3274 aquilonari

140 3292 204 3353 sub
224 3291 354 3355 foresta
376 3294 525 3357 tentoria
547 3312 612 3356 sua
635 3298 842 3366 statuerant,
864 3299 899 3355 et
917 3293 1010 3355 circa
1027 3291 1089 3355 illa

139 3389 331 3453 ordinanda
354 3392 501 3454 ministri
525 3399 560 3454 et
584 3392 773 3454 servientes
799 3398 914 3453 essent
936 3390 1089 3467 solliciti,

139 3489 299 3552 exierunt
327 3489 370 3552 de
402 3490 546 3554 castello
576 3490 700 3553 milites
730 3497 766 3552 et
788 3490 977 3553 servientes
1010 3509 1088 3553 cum

140 3585 282 3668 impetu,
315 3595 362 3664 et,
401 3589 556 3651 sarcinas
590 3589 759 3652 baronum
789 3596 824 3651 et
856 3589 955 3670 bigas
990 3590 1090 3652 inva-

139 3684 272 3762 dentes,
290 3687 454 3750 vexillum
472 3686 641 3750 Willelmi
664 3687 706 3749 de
728 3686 942 3750 Mandevilla
965 3705 1089 3768 rapue-

139 3792 219 3847 runt
248 3793 282 3848 et
312 3804 429 3848 secum
461 3793 672 3850 revertentes
705 3786 741 3848 in
773 3785 954 3848 castellnm
988 3785 1087 3847 detu-

138 3882 264 3959 lerunt,
294 3884 501 3965 poenitentia
528 3884 634 3960 ducti,
662 3884 753 3965 quod
785 3882 992 3945 adversariis
1014 3901 1087 3944 ma·

134 3980 215 4063 jora
237 4002 306 4046 non
330 3991 519 4065 potuerunt
540 3983 665 4045 inferre
687 3981 904 4045 detrimenta.
958 3980 1088 4044 Eodem

174 4155 288 4222 Ὑριέα]
306 4159 381 4207 From
389 4158 500 4207 chelam
511 4157 540 4207 oi
549 4157 603 4206 No·
663 4153 736 4205 ‘Die
756 4155 832 4204 bentoe
856 4150 1025 4223 Gothoriuoe‚]
1048 4156 1090 4205 the

139 4229 240 4279 vember
250 4235 276 4278 to
287 4229 329 4277 the
341 4228 385 4276 oth
399 4228 427 4277 oi
437 4228 586 4277 December.
630 4225 690 4276 anth
701 4225 729 4275 oi
739 4225 892 4275 November.
