2978 4996
421 409 486 475 114
681 425 816 474 ιιοιιιιιιι
840 426 887 473 ns
910 424 1117 474 wnunovun

263 615 385 657 ιιιιιιι.
425 583 615 667 respondit,
638 603 675 647 se
699 602 809 666 nuper
830 584 947 649 literas
970 584 1144 666 accepisse
1164 590 1199 647 et
1223 583 1376 659 nuntios,

426 685 484 766 qui
507 684 666 747 comitem
685 683 794 746 virum
819 701 918 746 suum
941 702 1063 747 sanum
1089 702 1165 745 esse
1189 689 1224 745 et
1244 683 1376 745 incolu-

427 803 514 846 mem
532 783 750 861 fatebantur;
774 781 950 864 respondit
968 790 1148 865 praeterea,
1162 781 1255 864 quod
1271 780 1378 845 domi·

428 901 493 945 nus
513 902 596 945 suus
622 901 737 945 comes
759 882 789 944 si
807 882 844 944 in
863 881 1009 946 veritate
1033 880 1217 946 defunctus
1242 880 1376 954 suisset,

429 982 523 1045 nullo
549 982 651 1044 modo
678 980 791 1061 ipsum
815 981 982 1062 reciperet
1005 1000 1184 1062 sponsum,
1211 980 1292 1062 quia
1318 997 1376 1060 ge-

429 1081 520 1144 neris
540 1081 616 1163 ejus
643 1079 807 1143 nobilitas
832 1079 867 1143 id
890 1080 962 1142 fiori
986 1079 1210 1162 prohibebat;
1237 1069 1378 1154 ‘Alibi’

429 1180 553 1261 inquit,
574 1179 662 1242 ‘tibi
681 1197 817 1261 quaeras
839 1178 1106 1255 matrimonium,
1125 1178 1208 1261 quia
1231 1184 1378 1261 experto

429 1279 578 1360 reperies
596 1285 630 1341 te
646 1277 713 1340 huc
729 1277 878 1341 inaniter
894 1277 1099 1342 advenisse?
1142 1277 1193 1341 At
1210 1277 1378 1341 Reimun·

428 1377 493 1440 dus
511 1376 585 1440 haeo
601 1377 744 1439 audiens
760 1375 923 1440 confusus
940 1378 985 1441 ab
998 1377 1060 1441 illa
1076 1377 1228 1441 recessit.

445 1549 598 1624 Quomodo
614 1550 757 1614 dominus
765 1572 857 1636 papa
864 1549 1047 1636 prodendos
1060 1548 1120 1614 titt
1136 1547 1214 1613 duri
1227 1546 1365 1633 myorit

270 1689 324 1730 ιιι
268 1689 413 1779 miliia
495 1673 599 1738 Anno
637 1676 779 1739 Domini
813 1691 992 1739 mccxxvr.
1029 1694 1092 1738 rex
1127 1670 1302 1736 Henricus
1334 1670 1377 1734 ad

268 1742 389 1878 Ξξὲιῖιιιο
429 1772 546 1837 natale
585 1775 726 1838 Domini
763 1775 952 1838 celebravit
988 1774 1115 1837 festum
1153 1790 1255 1835 suum
1285 1769 1377 1852 apud

269 1888 354 1928 σοιιιι
355 1886 411 1926 rue
430 1872 657 1951 Wintoniam,
676 1876 906 1956 praesentibus
929 1872 1134 1956 quibusdam
1155 1870 1327 1954 episcopis
1344 1876 1380 1933 et

269 1938 374 2036 theris:
348 1937 407 1975 ⁰¹
430 1973 650 2053 magnatibus
668 1974 798 2038 multis.
849 1972 1065 2037 Solennitate
1086 1971 1204 2053 itaque
1225 1976 1378 2052 peracta,

430 2071 604 2153 profectus
626 2079 680 2136 est
696 2092 759 2135 rex
781 2073 874 2155 apud
898 2070 1176 2152 Merlebergiam,
1198 2069 1257 2133 ubi
1279 2069 1379 2149 gravi

431 2170 631 2234 infirmitate
655 2179 833 2253 correptus
859 2190 921 2255 por
943 2171 1017 2234 dies
1041 2169 1169 2233 multos
1190 2168 1239 2232 ibi
1260 2167 1379 2249 despe-

432 2278 529 2353 ratus
551 2269 704 2351 jacebat.
757 2269 864 2334 Venit
890 2271 1025 2333 interea
1052 2267 1218 2333 terminus
1244 2266 1380 2329 concilii

433 2367 477 2428 ad
501 2368 626 2430 festum
652 2369 763 2433 sancti
792 2368 920 2432 Hilarii
943 2362 1052 2451 ¹apud
1074 2367 1381 2431 westmonasteri-

434 2484 491 2526 um
513 2466 689 2546 praelixuS,
710 2468 770 2531 ubi
793 2488 855 2532 rex
878 2487 956 2531 cum
984 2467 1076 2530 clero
1103 2474 1138 2530 et
1161 2465 1381 2546 magnatibus

433 2565 531 2645 regni
549 2584 747 2648 comparere
764 2567 942 2643 debuerat,
959 2575 1000 2630 ut
1016 2565 1146 2630 domini
1166 2583 1265 2647 papae
1282 2583 1380 2628 man·

433 2663 552 2727 datum
584 2665 730 2730 audiret.
784 2665 907 2729 Multis
940 2666 1047 2747 igitur
1072 2665 1107 2728 in
1129 2664 1208 2728 loco
1234 2664 1382 2746 praelato

433 2758 674 2845 congregatis²
695 2764 865 2847 episcopis
889 2784 967 2828 eum
990 2764 1067 2828 aliis
1091 2763 1245 2846 praelatis
1270 2769 1305 2826 et
1320 2762 1383 2827 lai·

433 2882 550 2926 corum
572 2865 693 2940 turbis,
713 2864 879 2945 magister
897 2863 1002 2941 Otho,
1022 2861 1149 2927 domini
1171 2880 1271 2944 papae
1294 2882 1383 2925 nun-

433 2962 515 3039 tius,
546 2962 588 3024 de
616 2982 686 3046 quo
717 2962 836 3027 habita
865 2970 918 3026 est
940 2963 1068 3026 mentio
1101 2962 1272 3042 superius,
1304 2961 1382 3025 lito·

433 3077 491 3121 ras
514 3067 634 3140 aperte
660 3079 776 3124 coram
802 3062 960 3125 omnibus
987 3062 1167 3140 recitavit3
1195 3061 1381 3143 inquibus

433 3157 523 3220 idem
544 3177 636 3239 papa
656 3158 822 3240 allegavit
839 3160 1040 3224 scandalum
1059 3166 1190 3224 sanctae
1213 3157 1383 3223 Romanae

434 3256 588 3319 ecclesiae
624 3263 658 3320 et
689 3260 910 3340 opprobrium
944 3259 1229 3335 vetustissimum,
1263 3264 1382 3322 notam

433 3354 564 3417 scilicet
592 3357 891 3440 concupiscentiae,
920 3378 999 3440 quae
1030 3358 1131 3422 radix
1158 3357 1286 3422 dicitur
1309 3376 1382 3421 om-

433 3453 529 3517 nium
551 3455 732 3533 malorum,
755 3465 791 3521 et
808 3457 843 3520 in
863 3457 928 3522 hoc
951 3458 1136 3541 praecipue,
1151 3457 1243 3539 quod
1267 3456 1383 3521 nullus

433 3559 548 3633 potest
571 3554 710 3638 aliquod
743 3558 919 3638 negotium
941 3557 977 3620 in
1000 3557 1162 3621 Romana
1194 3556 1290 3620 curia
1319 3575 1381 3619 ox-

433 3652 549 3732 pedire
586 3654 652 3717 nisi
689 3674 766 3718 cum
802 3675 929 3737 magna
960 3655 1126 3719 effusione
1160 3655 1318 3738 pecuniae
1349 3662 1384 3718 et

433 3751 646 3817 exhibitione
673 3754 852 3818 donorum.
904 3754 1012 3832 ‘Sed,
1039 3753 1202 3838 quoniam
1228 3752 1384 3818 scandali

469 3955 568 4021 'Apud
607 3960 856 4012 Wertmonusterium.
883 3962 895 4026 ]
921 3962 1179 4025 kingwardeclared
1192 3963 1221 4012 ol
1229 3963 1277 4012 full
1288 3978 1346 4026 age,
1356 3963 1385 4013 ιι

431 4024 530 4086 Tyrrell
541 4034 630 4092 states,
641 4031 703 4079 from
715 4046 731 4079 a
744 4032 801 4081 MS.
814 4031 843 4079 of
852 4032 894 4080 the
921 4048 947 4094 p
959 4037 1017 4082 859

433 4095 531 4144 Annals
549 4098 617 4148 οἰδ.
629 4100 773 4161 Augustino
791 4101 895 4150 Cantor·
957 4098 1162 4164 ’cmgregotir
1219 4101 1387 4169 episcopia]

432 4163 507 4226 bury,
531 4165 585 4215 that
608 4172 634 4217 at
657 4169 707 4217 thir
730 4171 830 4218 oouucil
853 4170 895 4218 the
921 4171 1014 4220 Chron.
1024 4172 1166 4233 Wilrem.
1178 4175 1220 4221 40
