2978 4996
210 825 267 866 Μ).
278 826 335 865 late.

210 876 270 915 State
279 876 303 915 ol
311 875 349 914 the

210 926 315 976 moqed.

370 435 415 500 56
620 447 754 495 uocum
779 446 826 493 na
849 444 1057 494 wnunovun

451 581 501 645 De
514 579 704 644 mortalitate
717 601 780 664 qao
794 576 1010 664 afflipelaotar
1023 575 1139 641 inclusi
1154 575 1243 642 arla

760 679 925 742 Damietae.

434 795 539 858 Nunc
571 802 688 859 autem
719 794 761 858 de
795 794 848 856 bis
880 812 959 875 quae
986 792 1022 854 in
1052 791 1194 856 civitate
1223 799 1326 873 gesta

375 902 457 959 sunt
481 894 612 978 aliquid
640 892 840 957 referamus.
896 887 1076 956 ¹Damieta
1103 890 1212 972 igitur
1233 891 1327 955 obsi·

375 994 478 1058 dione
501 994 618 1075 longa,
638 992 740 1067 ferro,
761 992 863 1067 same,
883 997 919 1054 et
937 990 1137 1073 pestilentia
1157 990 1325 1072 graviter,

376 1101 412 1157 et
437 1094 529 1157 ultra
558 1111 663 1174 quam
695 1091 788 1154 credi
813 1091 868 1154 vel
897 1090 1000 1153 scribi
1028 1088 1151 1171 possit,
1183 1087 1324 1167 afflicta,

375 1194 412 1256 in
427 1212 489 1276 spe
508 1191 584 1256 sola
607 1190 709 1254 fidem
726 1190 859 1266 habuit,
876 1208 978 1271 quam
998 1188 1131 1252 civibus
1150 1187 1325 1252 Soldanus

377 1291 546 1374 promisit,
572 1297 611 1353 ut
630 1309 692 1372 pro
718 1290 781 1365 eis,
803 1289 832 1352 si
855 1288 1043 1353 necessitas
1066 1288 1224 1364 instaret,
1246 1307 1325 1351 cum

379 1389 585 1455 Christianis
611 1395 842 1469 componeret,
866 1395 906 1450 ut
928 1394 1073 1450 mortem
1092 1386 1239 1450 evadere
1264 1406 1328 1468 po-

379 1489 548 1566 tuissent3
578 1488 638 1549 sed
663 1486 728 1550 boc
748 1494 901 1569 tempore
922 1487 958 1549 in
982 1486 1066 1548 urbe
1092 1492 1192 1549 tanta
1217 1485 1327 1550 sames

378 1586 538 1661 invaluit,
553 1593 592 1649 ut
606 1585 723 1649 vitalis
741 1585 882 1649 refectio
900 1584 1036 1648 deesset
1052 1584 1206 1661 inclusis,
1222 1584 1327 1649 dura·

379 1686 457 1749 bilis
473 1684 563 1749 enim
578 1705 648 1749 uon
661 1691 715 1747 est
726 1703 865 1748 annona
876 1684 1034 1767 AEgypti,
1049 1691 1191 1766 propter
1205 1683 1326 1748 molles

379 1785 499 1867 glebas
521 1784 698 1866 inquibus
720 1784 854 1858 crescit,
876 1783 942 1845 nisi
958 1784 1116 1864 superius
1134 1783 1226 1846 cirea
1247 1802 1328 1866 par-

381 1891 433 1948 tes
457 1878 659 1967 Babyloniis
685 1891 842 1946 servetur
865 1900 928 1964 per
953 1900 1089 1945 annum.
1144 1880 1327 1946 Postremo

382 1991 497 2046 autem
532 1991 651 2066 portas
685 2001 768 2045 suas
804 1983 1052 2046 obstruxerunt
1074 1980 1253 2057 increduli,
1283 2001 1328 2046 ne

381 2082 508 2165 aliquis
535 2083 648 2145 exiret
673 2082 732 2163 qui
761 2080 994 2144 calamitatem
1022 2099 1141 2143 eorum
1168 2079 1328 2143 fidelibus

382 2183 569 2256 nuntiaret,
597 2181 679 2262 quia
706 2179 779 2243 dies
810 2178 1006 2242 afflictionis
1036 2178 1179 2242 miseros
1209 2198 1330 2261 posse-

382 2279 532 2357 derunt;
568 2278 637 2342 illis
663 2279 781 2354 etiam,
808 2278 868 2360 qui
893 2277 977 2341 soris
1003 2278 1039 2339 in
1069 2279 1222 2341 exercitu
1253 2277 1331 2342 Sol-

382 2377 464 2440 dani
487 2377 605 2439 fideles
631 2375 850 2453 obsederunt,
872 2376 973 2459 copia
995 2376 1113 2458 pabuli
1134 2376 1332 2443 decrescere

383 2475 501 2557 coepit,
520 2483 555 2538 et
570 2476 621 2539 ita
637 2475 788 2558 quidem,
806 2475 898 2557 quod
917 2482 1097 2540 coctanum
1119 2494 1226 2539 unum
1244 2476 1330 2541 duo-

383 2574 495 2636 decim
524 2575 683 2638 bizantiis
712 2574 936 2639 vendebatur.
999 2575 1097 2639 Inter
1123 2582 1251 2640 caetera
1278 2577 1332 2640 in·

384 2673 574 2751 commoda,
592 2693 671 2756 quae
689 2674 805 2738 miseri
822 2673 1039 2738 sustinebant
1056 2674 1177 2738 diebus
1194 2693 1236 2740 ac
1254 2694 1333 2740 nec·

384 2773 487 2848 tibus,
514 2773 610 2837 velut
632 2774 764 2837 aurisia
785 2771 941 2855 percussi
962 2772 1072 2836 oculis
1096 2774 1226 2855 apertis
1247 2774 1333 2838 nibil

384 2873 559 2936 videbant.
634 2872 740 2937 Nilus
780 2880 960 2954 praeterea,
999 2873 1059 2954 qui
1094 2879 1173 2954 post
1205 2872 1332 2937 festum

385 2971 497 3034 saneti
517 2970 689 3035 lobannis
707 2971 879 3052 Baptistae
896 2989 1006 3053 usque
1023 2971 1068 3034 ad
1083 2971 1332 3037 exaltationem

384 3076 515 3132 sanctae
542 3068 664 3133 Crucis
690 3068 778 3132 solet
800 3088 997 3133 excrescere
1027 3077 1062 3133 et
1085 3071 1231 3154 AEgypti
1256 3073 1333 3154 pla·

385 3167 504 3229 nitiern
536 3167 693 3248 irrigare,
721 3167 786 3230 hoc
816 3189 907 3233 anno
934 3189 1030 3232 more
1054 3170 1158 3233 solito
1186 3190 1254 3234 non
1277 3190 1335 3234 as·

386 3264 513 3341 cendit,
536 3266 596 3328 sed
619 3285 780 3348 maguam
800 3274 902 3331 terrae
925 3275 1059 3350 partem
1080 3269 1207 3333 siccam
1228 3269 1332 3333 relin-

385 3383 495 3446 quens
526 3364 681 3429 interra
713 3366 774 3428 illa
804 3386 868 3431 nec
904 3368 1065 3430 seminari
1105 3375 1242 3450 poterat
1257 3362 1334 3433 ¹nce

386 3464 497 3541 arari;
524 3464 614 3527 unde
635 3465 807 3529 Soldanus
823 3465 947 3529 samem
963 3467 1100 3543 timens,
1122 3485 1237 3531 amore
1252 3468 1336 3531 reti·

385 3562 506 3626 nendae
535 3564 719 3641 Damietee,
742 3585 819 3627 cum
842 3564 1050 3628 Christianis
1073 3565 1214 3647 pacifice
1241 3585 1335 3630 com-

385 3681 514 3743 ponere
531 3665 710 3744 cogitavit.
762 3662 876 3727 Auxit
893 3671 1008 3727 autem
1026 3665 1241 3746 propositum
1257 3665 1334 3748 ejus

385 3760 429 3823 ad
453 3763 736 3844 compositionem
763 3763 971 3826 miraculosa
994 3762 1099 3826 turris
1122 3764 1335 3847 subjugatio,

386 3868 421 3922 et
438 3859 715 3925 Christianorum
731 3863 929 3926 constantia
945 3861 1138 3943 praeliandi,
1155 3864 1215 3945 qui
1231 3864 1335 3927 toties

385 3978 464 4022 cum
481 3960 665 4024 admodum
682 3962 803 4043 paucis
819 3960 977 4025 fidelibus
991 3980 1125 4025 omnem
1141 3963 1336 4044 paganismi

383 4122 578 4243 niumm]
608 4128 716 4177 taeda
733 4130 856 4192 Vitriaeo,
878 4146 904 4191 p.
925 4134 1009 4191 llto;
1034 4129 1131 4180 Oliver.
1160 4129 1285 4180 Scholast.
1308 4148 1336 4194 p.
