2978 4996
391 415 435 479 32
649 430 781 478 uocum
806 431 852 477 un
876 430 1082 479 wuuuovaa

231 598 352 639 A-n-lm
391 587 557 650 reditates
588 606 683 664 suas,
716 607 793 652 cunr
824 587 982 651 omnibus
1015 585 1233 650 libertatibus
1262 591 1344 647 ante

279 684 284 691 ’
392 687 522 769 petitis,
553 706 617 768 pro
645 688 770 769 quibus
799 687 971 750 discordia
1004 685 1069 749 fuit
1098 691 1222 749 exorta
1252 683 1345 746 inter
1402 679 1406 687 '

392 783 416 849 J
420 785 602 862 ohannem,
640 805 754 867 regem
791 784 940 866 Angliae,
975 791 1010 848 et
1040 786 1198 848 barones.
1265 781 1344 844 Pri·

390 902 492 949 sones
514 904 645 960 omnes,
668 884 827 967 quiante
853 882 942 947 hanc
966 903 1086 964 pacem
1110 883 1285 966 provisam
1302 899 1341 945 se

391 984 618 1060 redemerant,
641 993 677 1047 et
694 1003 767 1047 suae
789 982 1034 1065 redemptionis
1054 982 1129 1065 jam
1153 981 1255 1045 factae
1280 999 1341 1062 pe-

391 1084 503 1147 cuniae
527 1091 661 1165 partem
687 1084 760 1146 suis
786 1082 1011 1147 creditoribus
1037 1081 1226 1158 solverant,
1248 1079 1341 1161 quod

391 1182 543 1245 solutum
559 1191 695 1246 estnon
711 1182 877 1246 reddatur
892 1182 965 1259 eis;
989 1182 1062 1256 sed,
1078 1180 1108 1243 si
1124 1180 1206 1263 quid
1222 1198 1342 1260 super·

392 1281 495 1345 suerit
518 1280 560 1344 ad
584 1281 798 1357 solvendum,
823 1281 969 1344 debitori
993 1279 1130 1361 penitus
1152 1280 1342 1343 relaxetur.

392 1380 558 1444 Prisones
589 1380 752 1455 universi,
780 1381 839 1460 qui
871 1379 962 1461 apud
998 1378 1213 1442 Lincolniam
1246 1378 1341 1460 capti

392 1486 491 1542 erant
510 1479 565 1542 vel
591 1479 626 1542 in
652 1479 771 1560 praelio
798 1479 912 1542 navali
939 1480 1031 1560 apud
1057 1479 1244 1553 Donarem,
1266 1478 1341 1541 sive

393 1579 428 1640 in
445 1585 543 1659 parte
560 1579 664 1659 regis,
680 1578 735 1641 vel
753 1579 788 1640 ln
806 1586 904 1659 parte
928 1577 1116 1654 Lodowiei‚
1135 1578 1341 1658 ubicumque

392 1677 511 1740 statim
539 1678 614 1740 sine
641 1677 735 1740 omni
762 1675 963 1741 difficultate
987 1685 1022 1741 et
1045 1677 1119 1741 sine
1145 1678 1238 1740 omni
1263 1675 1343 1739 red·

393 1776 566 1858 emptione
581 1783 616 1840 et
627 1796 730 1840 censu
750 1769 1004 1840 ¹liberarentur.
1057 1776 1113 1851 Et,
1132 1775 1185 1838 his
1199 1776 1250 1839 ita
1264 1794 1344 1856 ges·

394 1876 450 1951 tis,
469 1876 648 1940 absolutus
672 1885 726 1941 cst
744 1869 969 1941 ²Lodowicus
986 1895 1065 1939 cum
1087 1876 1244 1939 omnibus
1264 1894 1340 1940 sec·

394 1975 565 2039 tatoribus
585 1976 668 2053 suis,
689 1983 827 2040 servata
844 1975 998 2045 ecclesiae
1015 1975 1137 2052 forma,
1155 1993 1195 2038 ac
1216 1974 1340 2040 deiude

394 2074 522 2156 singuli
551 2084 689 2139 ruentes
720 2076 754 2138 in
785 2077 881 2157 pacis
910 2075 1064 2138 osculum
1094 2074 1226 2138 tristem
1256 2075 1343 2138 laeti-

394 2174 479 2236 tiam
508 2175 573 2237 sub
598 2173 730 2237 fraudis
760 2180 934 2255 praetextu
961 2174 1098 2255 plurimi
1127 2173 1339 2256 palliabant;

394 2291 463 2352 quo
489 2273 593 2347 iacto,
624 2271 829 2336 Lodowicus
862 2272 1061 2336 Londonias
1089 2291 1247 2336 reversus
1276 2281 1342 2351 est,

286 2387 289 2392 ·
394 2371 454 2432 ubi
485 2389 557 2451 prae
592 2371 698 2434 nimia
733 2390 754 2434 a
789 2373 921 2435 civibus
953 2379 1159 2454 paupertate
1190 2373 1342 2454 quinque

393 2468 503 2531 millia
529 2469 635 2532 libras
661 2471 907 2552 sterlingorum
932 2479 1053 2534 mutuo
1078 2471 1250 2553 accipiens
1275 2473 1340 2534 sub

393 2568 565 2632 conductu
590 2570 707 2652 magni
734 2569 955 2634 Mareschalli
982 2570 1025 2633 ad
1051 2589 1145 2634 mare
1172 2589 1249 2634 curn
1274 2571 1341 2634 ses.

394 2668 562 2732 tinatioue
585 2669 743 2750 pervenit
763 2678 799 2733 et
822 2690 899 2734 curn
924 2670 1108 2751 opprobrio
1133 2670 1342 2753 sempiterno

393 2761 453 2829 ad³
471 2766 606 2832 Gallias
624 2770 872 2835 transfretavit.
926 2767 982 2831 Ab
1004 2767 1069 2831 hoc
1086 2787 1223 2850 quoque
1240 2770 1343 2833 abso-

393 2866 534 2931 lutionis
563 2876 597 2932 et
622 2869 718 2950 pacis
745 2869 912 2933 beneficio
940 2868 1077 2948 excepti
1103 2866 1243 2932 fuerunt
1267 2869 1340 2950 epi·

392 2968 500 3049 scopi,
540 2968 695 3042 abbates,
733 2969 878 3049 priores,
912 2967 1068 3030 canonici
1104 2966 1277 3030 seculares
1307 2975 1342 3033 et

393 3063 508 3127 clerici
530 3064 642 3141 multi,
665 3066 722 3147 qui
747 3064 933 3130 Lodowico
956 3085 997 3129 ac
1019 3068 1207 3129 baronibus
1228 3068 1342 3130 consi·

392 3161 476 3224 lium
506 3164 740 3244 praestiterant
766 3173 801 3228 et
828 3166 993 3241 favorem,
1026 3172 1062 3228 et
1087 3165 1236 3229 maxime
1267 3184 1341 3229 ma·

392 3261 501 3341 gistcr
519 3261 636 3324 Simon
657 3263 701 3327 de
722 3264 939 3346 Langetuna,
964 3284 1041 3328 curn
1064 3265 1231 3347 magistro
1254 3263 1342 3328 Ger-

392 3360 490 3423 vasio
521 3360 564 3424 de
597 3360 797 3445 Hobregge,
827 3365 886 3446 qui
915 3365 951 3426 in
981 3369 1081 3427 tanta
1110 3364 1343 3429 obstinatione

430 3571 642 3641 'tilmrestsrp
660 3577 691 3626 In
703 3578 745 3627 the
758 3579 851 3629 Chron.
914 3578 1099 3645 ²bodonicus]
1118 3581 1159 3630 He
1177 3581 1279 3630 walked
1297 3596 1344 3630 un·

391 3645 420 3693 oi
445 3646 552 3695 Mailros
580 3648 600 3695 it
627 3648 650 3696 is
686 3649 769 3696 stated
798 3647 853 3697 that
879 3651 968 3713 girded
979 3651 1341 3700 andbarefootsromhisown

393 3715 481 3776 Henry
493 3717 553 3777 paid
572 3716 651 3765 Leuis
667 3721 709 3765 ten
726 3718 852 3766 thousand
879 3727 931 3769 tent
953 3726 978 3768 to
1001 3721 1056 3769 that
1078 3721 1107 3769 oi
1134 3720 1176 3769 the
1204 3721 1340 3781 cardinal;

391 3785 478 3833 marlia
496 3791 521 3833 to
538 3792 605 3835 meet
620 3787 662 3835 the
680 3801 804 3848 expensas
821 3787 852 3836 he
880 3790 973 3840 Chron.
985 3790 1101 3839 Mutuus.
1113 3805 1140 3851 p.
1154 3792 1209 3839 19⁵.

392 3854 442 3903 had
465 3855 643 3917 incurred3p.
657 3860 715 3906 195.
761 3857 793 3905 In
811 3857 853 3906 the

392 3924 468 3974 Closs
480 3925 857 3977 Rollsarsseveralentriesoi
914 3921 1080 3973 ⁸AdGallias
1088 3922 1280 3988 coaretavit]
1294 3925 1342 3973 See
1415 3927 1420 3935 “

391 3994 462 4041 writs
484 3994 601 4057 ordering
623 3995 665 4043 the
688 4002 808 4057 payment
828 3997 857 4044 ot
879 3995 965 4043 letters
983 3994 1011 4043 ot'
1019 3993 1074 4043 saie
1092 3992 1201 4042 conduct
1213 3994 1238 4041 in
1255 3993 1344 4042 bahali

392 4064 487 4110 munies
500 4068 524 4110 to
535 4064 669 4126 discharge
681 4080 696 4113 a
708 4066 805 4115 debtot
813 4066 851 4115 six
879 4064 908 4112 oi
927 4065 1005 4112 Louis
1028 4063 1078 4113 and
1101 4063 1141 4111 his
1160 4062 1297 4124 solioum,
1315 4065 1341 4112 in

392 4131 517 4179 thousand
539 4133 625 4182 marla
647 4134 697 4182 due
714 4141 741 4184 to
759 4135 853 4196 Louis;
881 4133 1000 4196 Noriolk,
1033 4132 1142 4193 Sull'olk,
1170 4132 1262 4193 Esses,
1291 4134 1341 4182 und

393 4216 437 4262 pp.
450 4204 507 4262 86⁰,
519 4205 575 4250 369.
881 4203 1011 4265 Hertiord,
1023 4204 1048 4252 in
1061 4204 1165 4265 liymer,
1176 4202 1194 4251 i.
1207 4217 1233 4264 p.
1247 4205 1303 4252 lea.
