2978 4996
433 436 499 504 198
692 456 827 506 nouam
851 457 899 506 nn
922 456 1131 506 wnunovnn

274 626 397 668 alr-¹²²⁹·
435 619 472 677 et
498 613 651 677 castellis
681 613 775 678 illius
804 621 918 691 terrae,
949 631 1055 694 quam
1082 609 1255 675 Dominus
1283 607 1307 672 J
1310 628 1390 673 esus

437 711 596 776 Christus
630 714 702 776 suis
737 713 867 777 sanctis
902 712 1048 794 pedihus
1080 708 1231 774 calcavit
1258 715 1295 772 et
1326 728 1389 773 suo

436 827 535 876 sacro
557 813 728 894 sanguine
749 810 977 877 consecravit.

437 981 502 1045 Hic
508 992 671 1068 pootottor
685 983 815 1067 quidem
830 1003 971 1058 meeum,
986 980 1022 1045 io
1036 981 1145 1066 quidue
1152 1001 1247 1068 papo
1261 979 1390 1047 ostendit

707 1083 923 1166 imperatorne
938 1101 996 1145 erse
1011 1102 1107 1146 ruunt.

311 1224 323 1252 e
389 1224 399 1251 ι
487 1201 596 1267 Venit
623 1203 741 1267 codem
768 1209 923 1286 tempore
954 1203 991 1267 in
1024 1201 1189 1284 Angliam
1222 1201 1390 1283 magister

300 1274 325 1302 ω
439 1299 646 1381 Stephanus,
671 1301 802 1365 domini
827 1320 929 1383 papae
957 1301 1158 1383 capellanus
1186 1309 1222 1364 et
1245 1301 1388 1363 nuntius

324 1372 404 1451 ”ror-⁰
438 1398 481 1460 ad
504 1419 621 1479 regem
642 1398 850 1482 Anglorum,
880 1400 1006 1464 missus
1030 1410 1070 1464 ut
1096 1398 1275 1480 colligeret
1297 1399 1389 1461 deci·

438 1514 513 1559 mas
534 1497 674 1561 domino
696 1518 796 1581 papae
817 1516 840 1561 a
860 1501 993 1563 nuntiis
1014 1500 1123 1582 ipsius
1146 1496 1238 1579 regis
1264 1497 1389 1560 Romae

438 1596 626 1675 promissas
644 1596 687 1660 ad
709 1616 869 1680 guerram
889 1617 988 1662 suam
1010 1596 1247 1661 sustinendam
1267 1604 1390 1659 contra

438 1693 679 1773 imperatorem
711 1696 947 1761 Romanorum
979 1703 1197 1779 susceptam3
1231 1694 1390 1758 audierat

440 1792 529 1854 enim
561 1792 650 1857 idem
684 1815 775 1878 papa
802 1795 845 1859 dc
872 1797 1077 1878 imperatore
1104 1793 1251 1876 praefato
1279 1792 1390 1856 multa

440 1891 654 1970 detestanda,
678 1914 755 1977 quae
777 1894 926 1958 faciebat
948 1901 1070 1958 contra
1090 1893 1202 1974 legem
1220 1892 1389 1956 Christia-

440 2009 533 2066 nam,
558 2012 705 2074 quorum
729 2002 882 2057 tenorem
907 1994 944 2056 in
965 1993 1132 2075 scriptum
1150 1991 1311 2073 redigens
1328 2009 1389 2072 per

441 2090 596 2153 diversas
615 2093 708 2155 orbis
726 2100 843 2173 partes
858 2091 968 2155 literis
990 2090 1191 2174 apostolicis
1212 2088 1389 2171 publicare

441 2190 587 2252 curavit.
641 2184 844 2272 ¹Pr0posuit
869 2198 984 2253 autem
1010 2197 1132 2254 contra
1159 2208 1237 2253 cum
1259 2189 1297 2251 in
1320 2187 1389 2271 pri-

441 2287 518 2359 mis,
547 2286 639 2368 quod
666 2289 702 2350 in
727 2287 783 2351 dic
808 2288 1085 2355 annunciationis
1114 2290 1224 2351 beatae
1253 2286 1389 2363 Mariae,

441 2402 517 2446 cum
536 2393 626 2448 esset
641 2385 970 2462 excommunicatus,
984 2387 1127 2450 intravit
1143 2385 1323 2449 ecclesiam
1336 2403 1389 2448 se-

442 2481 576 2563 pulchri
598 2486 709 2548 sancti
735 2486 771 2548 in
794 2485 1015 2549 Hierusalem
1038 2493 1073 2548 et
1096 2485 1143 2548 ihi
1166 2490 1247 2547 ante
1273 2483 1387 2566 majus

442 2579 552 2644 altare
579 2583 719 2665 propria
745 2603 848 2647 manu
872 2602 948 2647 sese
975 2583 1166 2658 coronavit,
1189 2590 1225 2645 et
1252 2581 1304 2645 ita
1331 2600 1388 2644 co·

442 2688 585 2744 renatus
607 2682 734 2746 resedit
756 2683 793 2745 in
817 2682 981 2746 cathedra
1006 2681 1263 2765 patriarchatus
1285 2690 1322 2745 et
1342 2678 1387 2742 ihi

441 2780 643 2860 praedicavit
657 2781 798 2864 populo,
821 2780 1018 2846 excusando
1042 2781 1208 2844 malitiam
1232 2798 1332 2843 suam
1354 2786 1390 2843 et

441 2880 636 2943 accusando
674 2880 854 2944 ecclesiam
890 2880 1098 2956 Romanam,
1133 2880 1313 2961 imponens
1347 2878 1389 2955 ei,

442 2977 533 3057 quod
574 2979 704 3061 injuste
737 2987 953 3060 processerat
985 2987 1108 3043 contra
1139 2998 1239 3056 eum3
1276 2977 1389 3042 etsie

442 3094 602 3154 egressus
630 3078 673 3140 ab
699 3078 846 3141 ccclesia
871 3078 907 3141 in
932 3078 1095 3142 comitatu
1119 3076 1310 3140 satellitum
1335 3095 1389 3138 su·

441 3191 551 3249 orum,
578 3175 652 3237 siue
676 3176 769 3239 omni
793 3196 942 3258 persona
966 3175 1210 3250 ecclesiastica,
1235 3175 1390 3258 portavit

442 3289 603 3334 coronam
627 3292 736 3356 usque
767 3274 810 3338 ad
840 3276 1008 3356 palatium
1036 3273 1244 3355 Hospitalis.
1298 3273 1388 3337 Item

441 3368 477 3430 in
497 3369 629 3450 palatio
652 3392 717 3437 suo
738 3372 938 3439 Achonensi
952 3372 1033 3437 fecit
1049 3372 1226 3436 convivari
1243 3372 1388 3438 Sarace-

441 3487 517 3543 nos,
534 3477 569 3532 et
584 3469 666 3535 fecit
687 3473 736 3535 eis
756 3472 882 3536 habere
899 3473 1059 3536 mulieres
1081 3470 1298 3535 Christianus
1321 3471 1390 3537 sal·

441 3568 581 3632 tutrices
607 3570 649 3632 ad
679 3570 865 3633 ludendum
888 3590 1005 3635 coram
1028 3571 1090 3646 eis,
1113 3578 1161 3646 et,
1187 3577 1227 3635 nt
1253 3570 1389 3636 diceba·

440 3675 509 3744 tur,
524 3669 832 3733 commiscebantur
846 3670 909 3734 eis.
951 3669 1054 3746 Item,
1070 3669 1184 3732 foedus
1201 3670 1295 3751 quod
1313 3669 1389 3733 iniit

440 3784 518 3827 cum
545 3767 710 3845 Soldano,
735 3788 836 3832 nemo
860 3769 964 3833 scivit
985 3787 1055 3851 qua
1078 3767 1274 3833 conditione
1297 3774 1389 3832 trac·

441 3870 551 3927 tatum
568 3866 634 3931 init
654 3866 827 3945 intereos,
846 3868 912 3931 nisi
930 3868 1005 3950 ipsc
1023 3867 1140 3945 solus3
1163 3872 1388 3931 veruntamen

476 4056 620 4124 ¹Proporuit
628 4059 729 4131 catena]
746 4065 867 4115 Thesorm
875 4066 905 4114 os
927 4065 1036 4116 eounted
1046 4064 1089 4113 the
1100 4063 1228 4125 principal
1238 4078 1342 4115 reasons
1352 4066 1390 4115 ior

438 4129 481 4176 the
493 4136 610 4180 sentence
621 4134 650 4181 ol
658 4136 900 4185 excommunication
928 4134 1079 4197 proceedinss
1090 4139 1115 4182 10
1126 4132 1189 4182 luch
1201 4147 1235 4181 1111
1246 4137 1389 4199 “immillo

438 4198 539 4258 against
550 4201 677 4265 Frederic,
685 4203 804 4255 inwhich
811 4220 854 4256 are
864 4221 902 4255 re-
927 4207 949 4254 is
959 4203 1059 4267 printed
1070 4203 1096 4251 in
1108 4202 1247 4265 Raynaldi,
1258 4203 1286 4254 ii.
1298 4219 1325 4266 p.
1339 4209 1377 4256 12.
