2978 4996
471 468 611 516 rnoaus
634 470 904 519 nrsrorunauu.
1093 455 1160 520 296

176 661 180 669 ·
211 628 244 688 in
267 627 505 708 purificatione
534 636 665 690 sanctae
689 627 857 702 Mariae·
849 647 968 709 inquo
990 627 1292 732 quosdamlomna

210 727 401 807 episcopos,
428 732 464 788 et
487 727 637 788 maxime
659 724 911 802 Alexandrum,
938 693 1262 790 cestrensemlliall*
1241 743 1287 780 eor

210 825 422 906 episcopum,
445 826 597 904 graviter
614 825 806 906 increpavit
823 825 865 887 de
889 826 994 887 nimia
1012 824 1156 887 familia·
1169 793 1205 831 ὼ
1214 793 1275 832 ΜΟ
1262 803 1305 841 ⁰⁹⁸

212 925 314 988 ritate
339 924 476 986 comitis
498 922 696 986 Marescalli
717 932 752 987 et
765 924 887 1005 quod
877 944 990 1005 ipsum
1016 942 1037 986 a
1059 924 1157 1003 regni

212 1021 299 1085 solio
317 1021 489 1104 depellere
508 1023 730 1099 nitebantur3
758 1023 941 1104 episcopus
964 1029 1080 1085 autem
1099 1022 1157 1085 ille

213 1120 469 1203 pontificalibus
508 1120 662 1196 indutus,
697 1140 774 1184 cum
804 1120 890 1184 talia
923 1122 989 1184 sibi
1020 1122 1158 1204 objecta

212 1219 444 1301 cognovisset,
472 1220 785 1284 excommunicavit
817 1240 948 1294 omnes,
982 1221 1041 1302 qui
1076 1239 1157 1284 con·

215 1326 269 1381 tra
292 1338 406 1399 regem
431 1317 647 1398 iniquitatem
671 1319 867 1401 hujusmodi
888 1320 1100 1399 cogitabant,
1123 1327 1157 1382 et

214 1418 277 1493 sic,
293 1417 599 1480 intervenientibus
623 1419 793 1499 episcopis
816 1419 876 1500 qui
900 1418 1055 1494 aderant,
1080 1437 1154 1480 cum

216 1535 298 1597 rege
316 1515 517 1596 pacificatus
535 1524 599 1578 est.
654 1515 776 1581 Adfuit
793 1517 929 1598 quidem
952 1517 1030 1580 huic
1053 1517 1158 1580 collo-

214 1615 297 1696 quio
325 1615 491 1695 magister
519 1601 753 1691 Eadmun'dus,
783 1614 1043 1680 cantuariensis
1069 1616 1156 1678 elec-

215 1722 284 1788 tus,
300 1731 380 1775 cum
394 1713 511 1776 multis
527 1714 695 1795 episcopis
712 1713 951 1794 suffraganeis,
967 1716 1025 1796 qui
1041 1734 1159 1777 omnes

215 1813 307 1894 regis
336 1819 371 1875 et
395 1812 493 1892 regni
516 1811 721 1876 desolationi
747 1812 968 1875 condolentes
991 1821 1160 1877 venerunt

216 1911 261 1974 ed
284 1929 400 1991 regem
422 1918 458 1974 et
473 1912 573 1992 quasi
593 1930 662 1974 uno
687 1910 800 1987 corde,
824 1912 939 1974 animo
957 1918 992 1974 et
1008 1930 1067 1974 ore
1084 1910 1160 1972 dix-

217 2018 331 2086 erunt,
354 2009 531 2073 ‘Domine
554 2029 628 2086 rex,
651 2010 795 2073 dicimus
818 2011 916 2074 vobis
938 2010 974 2072 in
999 2009 1160 2082 Domino,

217 2115 257 2172 ut
272 2108 391 2171 fideles
409 2110 529 2185 vestri,
546 2110 629 2190 quia
652 2109 844 2187 consilium,
865 2109 957 2191 quod
983 2127 1074 2171 nunc
1099 2107 1160 2170 ha·

215 2208 305 2271 betis
323 2215 358 2270 et
368 2227 437 2288 quo
455 2209 602 2284 utimini,
619 2229 688 2272 non
705 2217 758 2273 est
775 2228 897 2272 sanum
913 2227 975 2271 neo
992 2226 1160 2282 securum,

217 2306 277 2370 sed
304 2306 442 2370 crudele
467 2315 502 2371 ct
524 2307 752 2389 periculosum
773 2309 871 2373 vobis
899 2318 934 2371 ct
956 2327 1064 2389 regno
1089 2305 1160 2369 An·

217 2405 311 2487 gliae,
341 2404 436 2469 Petri
470 2406 630 2469 videlicet
657 2406 909 2471 Wintoniensis
943 2406 1096 2489 episcopi
1127 2414 1162 2468 et

219 2503 318 2568 Petri
335 2505 378 2568 de
397 2504 558 2568 Rivallis.
611 2505 653 2568 ln
678 2507 809 2586 primiS,
830 2507 912 2587 quia
933 2515 1071 2587 gentem
1089 2503 1163 2567 An-

218 2604 390 2685 glicanam
404 2604 486 2669 ‚odio
505 2603 643 2680 habent,
659 2612 823 2669 vocantes
845 2625 904 2669 eos
922 2605 1113 2685 proditores
1129 2612 1164 2666 et

219 2702 385 2766 facientes
404 2723 524 2766 omnes
540 2703 589 2765 sic
606 2703 734 2779 vocari,
749 2712 784 2767 et
799 2712 994 2767 avertentes
1012 2703 1163 2765 animum

221 2808 372 2865 vestrum
396 2821 418 2865 a
442 2811 545 2882 gente
562 2811 676 2866 vestra
699 2810 734 2866 et
749 2803 862 2883 gentis
877 2811 1001 2865 vestrae
1019 2819 1040 2862 a
1053 2800 1164 2874 vobis,

219 2910 258 2964 ut
275 2910 421 2982 apparet
436 2902 471 2964 in
495 2901 587 2965 facto
612 2902 823 2979 Marescalli,
843 2901 903 2983 qui
922 2899 1042 2962 melior
1064 2899 1166 2961 homo

221 3006 274 3064 est
287 3007 388 3062 terrae
404 3008 541 3075 vestrae,
557 3008 593 3063 et
606 3001 679 3064 haec
696 3020 758 3082 per
773 3000 865 3063 mala
886 2997 1074 3072 mendacia,
1088 3017 1165 3077 quae

222 3099 320 3162 vobis
343 3098 463 3162 dicunt
480 3099 522 3161 de
545 3099 607 3175 eis,
630 3100 745 3162 omnia
766 3118 882 3162 eorum
906 3098 999 3161 dicta
1018 3105 1053 3159 et
1075 3097 1167 3158 facta

222 3206 434 3278 pervertunt.
489 3197 534 3260 Et
562 3217 623 3278 per
649 3198 713 3261 hoc
738 3198 828 3261 idem
856 3198 1049 3273 consilium,
1075 3195 1166 3258 scili-

223 3304 278 3361 cet
304 3316 365 3378 per
395 3297 524 3360 dictum
552 3298 763 3378 episcopum,
788 3299 904 3361 amisit
934 3307 1033 3378 pater
1055 3303 1169 3358 vester

225 3416 286 3460 rex
311 3395 490 3458 Johanncs
514 3397 625 3477 primo
651 3397 756 3460 corda
786 3399 900 3477 gentis
922 3416 1007 3472 suae,
1030 3404 1066 3459 et
1091 3403 1169 3475 post

227 3494 476 3559 Normanniam
511 3502 547 3558 et
576 3495 664 3558 alias
695 3506 806 3560 terras
841 3515 935 3571 suas,
967 3504 1003 3558 et
1035 3496 1070 3556 in
1103 3492 1169 3555 fine

227 3601 337 3657 totum
363 3593 560 3656 thesaurum
594 3613 694 3656 suum
724 3603 760 3659 et
786 3595 857 3658 fere
884 3593 1071 3656 dominium
1098 3589 1171 3653 An·

227 3693 320 3772 gliae,
349 3699 384 3755 et
411 3711 587 3773 nunquam
616 3702 738 3774 postea
766 3712 885 3774 pacem
918 3690 1049 3753 habuit.
1103 3687 1172 3750 Per

226 3792 315 3854 idem
349 3792 527 3854 consilinm
555 3794 731 3856 turbatum
758 3792 824 3855 fuit
848 3808 991 3870 regnum
1021 3795 1056 3849 et
1078 3787 1173 3849 venit

227 3890 459 3966 interdictum,
488 3899 523 3953 et
545 3900 644 3971 pater
661 3899 777 3953 vester
799 3909 860 3970 per
882 3887 969 3950 tales
992 3885 1173 3966 angustias

228 3990 366 4052 tandem
397 3999 542 4053 mortem
570 3991 725 4054 incurrit.
785 3988 853 4052 Per
882 3986 970 4049 idem
994 3983 1173 4048 consilium

230 4090 441 4169 temporibus
457 4089 584 4152 nostris
607 4097 728 4152 contra
743 4108 805 4152 vos
825 4087 1001 4150 detentum
1019 4085 1084 4146 luit
1101 4103 1177 4147 cas-

231 4188 348 4250 tellum
367 4189 410 4251 de
426 4188 610 4263 Bodel'ord,
629 4186 879 4271 propterquod
897 4185 1081 4268 Rupellam
1100 4204 1177 4265 per-
