2978 4996
404 443 543 491 rnoass
567 443 839 494 ursronmaun.
1050 431 1091 496 41

141 609 292 666 cessant.
344 598 401 664 Ad
423 598 511 663 hanc
536 606 652 664 autem
671 601 791 683 populi
818 600 1007 667 Christiani
1033 605 1229 668 deunce.

143 703 318 765 votionem
357 706 392 763 et
427 717 590 761 manuum
629 701 664 762 in
702 701 824 763 caelum
865 702 1094 767 elevationem
1106 677 1238 766 hillel?

143 800 275 863 levavit
304 797 435 861 scalam
464 796 583 861 divina
611 799 735 880 pietas,
764 799 948 882 ignemque
972 821 1094 866 accen·
1107 775 1179 816 Μ’

143 918 221 962 snm
260 896 412 960 fidelium
445 895 633 980 lachrymae
666 898 936 979 exstinxerunt;
975 909 1011 963 et
1043 902 1094 965 sic

143 996 262 1060 fideles
289 995 467 1071 crucifixi,
493 996 624 1058 viribus
649 997 844 1078 resumptis,
869 1017 947 1060 cnm
978 997 1096 1062 defen·

144 1096 279 1160 soribus
309 1095 415 1158 turris
446 1093 587 1170 lanceis,
622 1094 761 1175 gladiis,
793 1096 914 1173 clavis,
944 1097 1094 1178 sagittis,

145 1195 291 1277 aliisque
321 1192 453 1256 bellicis
484 1193 722 1256 instrumentis
747 1193 891 1258 viriliter
915 1215 1093 1277 pugnave-

144 1300 238 1357 rant.
290 1291 314 1358 J
318 1292 439 1355 avenis
467 1291 607 1373 quidam
635 1291 835 1356 leodiensis
861 1294 1032 1371 dioecesis,
1058 1295 1094 1358 ia

146 1391 270 1455 militia
300 1398 477 1471 expertae,
507 1390 629 1453 turrim
657 1391 752 1473 prius
781 1393 960 1472 ascendit;
995 1394 1095 1457 Friso

146 1489 286 1573 quidam
307 1488 529 1572 juvenculus,
550 1490 671 1552 turrim
693 1490 893 1568 ascendam,
920 1490 1095 1573 flagellum

146 1589 287 1656 tenebat
300 1586 447 1651 ferreum
470 1606 539 1668 quo
557 1607 702 1668 granum
722 1591 840 1652 excuti
854 1591 955 1667 solet,
972 1590 1032 1655 sed
1051 1591 1095 1655 ad

147 1686 374 1772 pugnandum
398 1692 570 1769 paratum,
587 1686 677 1750 unde
692 1685 829 1751 sortiter
844 1696 940 1753 trans
959 1709 1095 1753 murum

149 1789 193 1852 ad
216 1786 375 1850 dextram
399 1785 595 1868 percutiens
614 1784 731 1848 hostes
751 1784 830 1849 fidei
847 1787 939 1851 etad
957 1789 1094 1865 laevam,

149 1885 321 1970 quendam
345 1884 570 1961 Saracenum,
592 1902 750 1948 croceum
767 1883 909 1948 Soldani
930 1887 1095 1951 serentem

148 1987 299 2067 signum,
314 1983 440 2046 stravit
454 1990 489 2046 et
507 1983 673 2047 vexillum
695 1983 796 2062 tulit3
823 2002 864 2047 ac
888 1985 1011 2048 deinde
1036 1986 1096 2049 alii

149 2092 230 2168 post
254 2082 342 2146 alios
366 2082 590 2148 ascendentes
613 2081 729 2145 hostes
755 2083 955 2147 resistentes
979 2102 1095 2147 sense·

149 2191 232 2249 runt
258 2181 460 2245 durissimos
488 2188 523 2244 et
555 2180 723 2244 crudeles.
774 2180 928 2264 Paganis
958 2181 1096 2246 tandem

150 2281 334 2365 superatis,
358 2286 436 2361 post
450 2278 569 2343 fletum
586 2286 621 2343 et
637 2280 815 2359 gemitum,
838 2281 1001 2362 gaudium
1020 2301 1096 2347 suc·

149 2381 254 2445 cessit
270 2378 428 2443 fidelihus
453 2390 488 2440 et
506 2377 725 2462 triumphus3
761 2398 840 2443 nam
868 2380 967 2468 multi
992 2382 1095 2446 Sara-

150 2498 326 2555 cenorum,
338 2477 444 2542 turris
461 2477 659 2557 angustiam
675 2478 826 2560 perferre
843 2499 912 2542 non
928 2480 1096 2557 valentes,

151 2599 213 2663 per
230 2578 400 2642 fenestras
423 2576 618 2658 praecipites
636 2576 782 2640 evadere
798 2579 995 2659 cupiebant,
1013 2599 1095 2662 quo

151 2698 226 2743 rum
259 2675 358 2739 multi
389 2674 557 2738 submersi
590 2676 775 2757 perierunt,
805 2675 931 2740 flumen
961 2678 1096 2741 ebibere

152 2797 221 2840 non
245 2775 418 2856 ualentes;
456 2774 501 2837 ad
527 2782 664 2838 eentum
697 2792 834 2855 quoque
866 2793 912 2837 ex
943 2775 993 2837 eis
1025 2777 1096 2839 vivi

151 2875 244 2958 capti
261 2880 344 2937 sunt
361 2879 397 2938 et
416 2872 460 2936 ad
479 2871 747 2955 redemptionem
765 2873 943 2936 reservati.
995 2872 1097 2937 Tunc

149 2972 325 3049 Saraceni,
342 2970 402 3053 qni
419 2969 455 3033 in
476 2971 696 3036 interioribus
718 2990 795 3034 sese
810 2982 1009 3053 receperant
1026 2978 1097 3035 tur·

152 3073 258 3148 ribus,
288 3071 369 3152 igne
397 3071 589 3152 supposito,
618 3071 834 3153 superficiem
866 3071 972 3134 turris
1003 3092 1097 3136 com·

151 3174 348 3246 busserunt,
362 3168 453 3232 unde
470 3169 658 3233 Christiani
680 3171 829 3233 victores
852 3171 1000 3234 calorem
1023 3190 1098 3235 sus-

152 3273 261 3335 tinere
292 3288 361 3332 non
395 3268 550 3332 valentes
583 3270 732 3349 regressi
768 3277 850 3331 sunt
882 3288 988 3352 super
1020 3289 1096 3334 sca-

152 3370 243 3448 lam3
277 3385 318 3431 ac
341 3366 465 3430 deinde
494 3373 646 3448 pontem,
672 3367 790 3448 quiin
819 3367 971 3432 infcriori
998 3376 1097 3450 parte

151 3468 267 3551 operis
306 3472 522 3548 praeparatus
559 3464 682 3542 suerat,
722 3465 933 3531 demiserunt
967 3466 1097 3531 Christi

152 3567 279 3630 milites
294 3583 403 3647 usque
419 3563 463 3627 ad
480 3564 601 3647 pedem
617 3565 734 3641 turris,
752 3566 852 3646 aquis
868 3564 1047 3647 profundis
1063 3574 1098 3629 et

152 3665 303 3746 undique
325 3661 640 3727 circumfluentibus
661 3671 859 3744 angustum,
880 3662 938 3726 sed
963 3662 1098 3727 malleis

152 3764 270 3828 ferreis
293 3763 439 3845 januam
461 3762 567 3825 turris
594 3762 751 3845 aggressi
776 3769 858 3825 sunt
885 3760 1014 3836 fideles,
1040 3760 1099 3825 de·

153 3861 370 3927 tendentibus
393 3879 469 3925 eam
499 3861 704 3925 intrinsecus
727 3859 920 3924 Saracenis.
973 3858 1097 3924 Stabat

151 3971 337 4043 utrumque
366 3979 455 4042 opus
485 3960 657 4024 immobile
691 3960 778 4022 turri
814 3958 1007 4036 adhaerens,
1036 3959 1097 4022 sed

150 4079 286 4126 asseres
303 4059 407 4124 scalae
425 4079 487 4141 pro
502 4067 601 4140 parte
617 4058 762 4122 discussi
776 4056 924 4122 fuerunt.
977 4057 1098 4123 Ambi-

151 4171 210 4225 tus
229 4168 345 4225 tamen
363 4159 477 4240 operis
494 4159 728 4221 machinarum
747 4158 872 4222 ictibus
890 4159 1007 4223 multis
1022 4179 1099 4240 per-
