2978 4996
412 460 456 524 36
662 471 797 519 noonar
822 471 869 517 nn
892 468 1100 517 wnunuvna

254 649 308 689 nn.
320 648 375 686 ¹²1⁸·
414 637 674 706 consenserunt,
713 636 753 691 ut
791 628 974 710 episcopus
1016 632 1227 690 memoratus
1266 624 1366 688 daret

417 729 572 794 Roberto
599 727 641 792 (le
669 726 787 808 Gaugi
816 747 879 809 pro
910 725 1129 802 victualibus,
1152 743 1232 807 quae
1264 731 1367 787 eraut

416 829 452 891 in
475 827 631 905 castello,
651 833 788 891 centum
810 825 917 889 libras
943 824 1211 905 sterlingorum
1244 831 1279 887 et
1302 823 1365 899 sic,

417 927 594 991 obsidione
626 926 753 1002 soluta,
789 924 1027 1007 unusquisque
1061 922 1106 986 ad
1140 922 1282 1004 propria
1312 940 1367 984 re·

418 1025 558 1090 meavit.

435 1196 484 1261 De
500 1184 727 1281 awtiouesuctc
742 1217 764 1259 a
774 1194 950 1280 pereyriaie
964 1202 1053 1258 uma
1065 1200 1178 1259 cauete
1191 1192 1230 1258 ab
1246 1192 1356 1258 Aclou

717 1315 810 1378 usque
824 1293 869 1357 ad
878 1293 1068 1357 Damictum.

259 1425 409 1515 mm
472 1416 602 1480 Eodem
630 1435 721 1480 anno
748 1415 987 1479 confirmatum
1011 1415 1077 1479 fuit
1099 1414 1280 1478 consilium
1305 1413 1368 1478 do·

261 1525 376 1566 mette
421 1515 505 1577 mini
543 1533 643 1597 papae
683 1513 890 1591 Innocentii‚
923 1514 1012 1578 sicut
1049 1515 1227 1597 provisum
1256 1511 1371 1576 fuerat

422 1614 458 1676 in
481 1612 626 1677 concilio
648 1612 885 1689 Lateranensi,
908 1612 951 1676 de
973 1611 1222 1676 introducenda
1238 1610 1369 1675 Christi

422 1711 546 1774 militia
574 1712 760 1775 interram
788 1712 959 1795 AEgypti3
994 1730 1111 1775 mense
1140 1710 1230 1774 enim
1260 1709 1369 1786 Maio,

423 1810 627 1892 praeparatis
659 1811 860 1891 cogonibus,
891 1809 1013 1892 galeiis
1047 1818 1082 1873 et
1116 1809 1194 1873 aliis
1224 1809 1371 1873 navibus

423 1909 591 1972 onerariis
623 1910 753 1987 multis,
785 1908 930 1991 profecti
961 1917 1042 1973 sunt
1070 1908 1112 1972 de
1141 1906 1275 1983 Achon,
1307 1906 1331 1970 J
1334 1927 1372 1970 o·

424 2006 554 2071 hannes
583 2028 646 2072 rex
681 2007 916 2084 Hierusalem,
949 2007 1158 2090 patriarcha,
1193 2024 1272 2069 cum
1297 2004 1371 2088 epi·

423 2108 538 2189 scopis
572 2106 821 2183 Nichossieusi,
848 2104 1058 2183 Acbonensi,
1087 2100 1371 2180 ¹Bethlemitano,

423 2204 511 2268 duce
540 2202 704 2280 Austriae,
738 2205 915 2286 magistris
942 2204 1080 2287 Templi
1111 2212 1147 2268 et
1175 2203 1372 2286 Hospitalis

424 2303 537 2365 sancti
559 2302 582 2365 J
585 2301 729 2366 ohannis
762 2311 797 2366 et
825 2311 955 2368 sanctae
988 2303 1113 2367 Mariae
1138 2301 1372 2366 Teuthonico-

424 2419 513 2474 rum,
530 2419 570 2463 ac
582 2399 857 2464 Christianorum
873 2401 1093 2466 multitudine
1103 2401 1256 2483 copiosa.
1302 2400 1373 2464 Bo·

425 2516 485 2560 rea
512 2498 629 2580 itaque
657 2499 911 2581 aliquantulum
941 2508 1171 2581 turgescente,
1198 2499 1372 2564 exercitus

426 2596 567 2659 Domini
586 2598 759 2680 prosperis
780 2599 866 2662 velis
888 2598 943 2662 die
963 2599 1064 2662 tertio
1087 2598 1131 2661 ad
1151 2605 1289 2680 portum
1307 2616 1370 2680 ap-

425 2693 546 2776 plicuit
563 2695 746 2760 Damietae.
798 2695 1025 2780 Applicantes
1041 2704 1158 2761 autem
1172 2696 1312 2779 quidam
1330 2695 1373 2759 (le

425 2795 580 2859 exercitu
604 2802 731 2859 terram
757 2804 922 2879 ceperunt
945 2795 1105 2860 hostilem
1128 2796 1203 2859 sine
1229 2795 1372 2875 sangui·

425 2892 479 2955 nis
498 2893 684 2973 effusione;
708 2895 781 2972 sed,
803 2894 924 2977 paucis
943 2894 1008 2957 sibi
1028 2893 1285 2958 occurrentibus
1308 2892 1370 2957 Sa·

426 2992 559 3055 racenis
583 2993 769 3074 equitibus,
795 2993 895 3056 Friso
918 2992 1072 3075 quidam
1093 2992 1164 3056 fixo
1186 2993 1223 3057 in
1245 2999 1373 3056 terram

426 3107 518 3168 genu
552 3089 689 3165 dextro,
724 3097 759 3153 et
790 3107 895 3153 manu
931 3091 1072 3155 sinistra
1111 3089 1371 3155 circumducens

427 3187 549 3263 ancile,
579 3186 705 3250 dextra
731 3187 886 3252 lanceam
916 3190 1031 3253 vibrat
1056 3198 1092 3253 et
1119 3188 1258 3253 serrum.
1312 3189 1373 3252 In-

426 3284 536 3347 tuitus
564 3303 640 3348 eum
668 3286 807 3367 quidam
836 3288 1029 3351 Saracenus
1055 3286 1270 3352 existimavit
1293 3307 1372 3351 eum

425 3383 555 3461 ludere,
577 3383 636 3448 sed
663 3385 778 3449 subito
804 3385 997 3450 Saracenas
1019 3406 1040 3449 a
1064 3387 1209 3450 Frisone
1231 3404 1374 3468 percus·

426 3500 498 3558 sus,
521 3481 598 3545 aliis
625 3482 849 3568 fugientibus,
872 3504 950 3548 cum
976 3504 1065 3566 equo
1089 3504 1194 3566 eques
1217 3491 1372 3566 prostra-

426 3587 483 3642 tus
513 3589 567 3644 est
589 3582 625 3644 in
648 3590 799 3661 terram3
829 3590 864 3647 et
882 3584 932 3647 sic
954 3584 1085 3665 absque
1111 3584 1203 3647 omni
1227 3582 1373 3665 impedi·

425 3691 541 3744 mento
555 3682 791 3745 castrametati
813 3689 894 3745 sunt
910 3681 1028 3746 fideles
1043 3683 1132 3745 inter
1149 3681 1248 3746 littus
1265 3681 1373 3745 maris

425 3785 460 3840 et
483 3779 593 3861 ripam
622 3779 697 3842 Nili
719 3779 881 3857 fluminis,
906 3787 942 3844 et
963 3781 1011 3844 ibi
1035 3780 1185 3844 tentoria
1207 3779 1370 3845 fixerunt.

385 3905 389 3912 =
426 3875 507 3942 Hoc
530 3878 635 3942 etiam
658 3877 861 3942 miraculum
883 3878 965 3943 fecit
987 3878 1084 3943 Deus
1106 3878 1263 3942 fidelibus
1286 3878 1372 3956 suis,

425 3977 516 4055 quod
536 3977 572 4039 in
591 3977 702 4059 primo
719 3976 871 4041 adventu
888 3997 1006 4041 eorum
1022 3996 1114 4059 aqua
1131 3976 1282 4040 fluminis
1299 3996 1373 4040 ma·

494 4177 710 4246 membresitana]
727 4180 928 4246 ‘Gyrmlden03'
945 4185 1003 4235 Jac.
1016 4184 1049 4232 de
1057 4183 1179 4245 vitriaco,
1189 4198 1217 4245 p.
1228 4185 1300 4232 1182.
