2978 4996
411 429 478 494 266
672 443 807 492 aoonru
832 443 879 490 nn
902 440 1110 490 wnunovna

249 617 372 657 araus.
413 597 467 661 lus
489 606 525 662 et
547 598 665 662 caeteri
688 605 869 677 magnates
891 597 1081 679 perturbati
1104 615 1126 658 a
1147 596 1245 660 curia
1270 614 1365 659 rece·

413 696 547 774 dentes,
561 717 639 760 cum
652 696 744 759 aliud
760 715 827 759 nen
839 703 1002 778 poteraut
1011 694 1136 759 habere
1147 712 1366 776 responsum,

414 795 556 859 firmiter
583 794 814 877 promiserunt
836 794 880 858 ad
903 795 1063 870 invicem,
1089 794 1181 875 qued
1208 813 1272 876 pro
1301 793 1368 856 bac

413 913 531 971 causa,
547 913 625 975 quae
642 912 761 957 omnes
776 894 955 973 tangebat,
968 912 1077 975 usque
1099 892 1144 957 ad
1158 891 1364 957 divisionem

414 993 567 1075 corporis
584 1001 619 1057 et
634 993 759 1056 animae
777 990 1004 1056 decertarent.

710 1161 760 1226 Dc
775 1161 908 1226 touitreo
921 1161 1065 1245 lyenrali.

466 1284 596 1349 Eodem
616 1303 721 1362 aune,
741 1285 873 1349 decimo
891 1283 1057 1349 kalendas
1079 1281 1224 1367 Aprilis,
1243 1279 1365 1347 audita

414 1391 497 1446 suut
515 1383 668 1448 tonitrua
690 1384 868 1462 terribilia,
891 1391 926 1447 et
944 1391 1065 1447 secuta
1090 1390 1143 1445 est
1164 1401 1227 1464 per
1253 1389 1364 1446 tetam

414 1488 570 1545 aestatem
581 1475 697 1546 ¹tanta
711 1483 907 1562 pluviarum
923 1481 1116 1557 inundatio,
1126 1480 1218 1562 quod
1236 1482 1367 1563 ubique

414 1580 548 1643 vivaria
562 1579 743 1660 confregit,
764 1586 799 1642 et
819 1588 945 1662 stagna
964 1588 1070 1660 atque
1087 1579 1286 1643 molendina
1303 1598 1365 1660 per

414 1678 610 1741 universam
626 1678 697 1742 sere
712 1677 877 1759 Angliam
898 1697 921 1742 a
939 1678 1011 1742 suis
1031 1677 1169 1741 sedibus
1192 1677 1364 1742 violenter

415 1776 542 1840 evulsit
555 1797 563 1855 ;
587 1796 709 1858 nempe
725 1777 759 1839 in
772 1778 903 1860 campis
917 1778 1105 1841 arabilibus
1121 1782 1157 1839 et
1165 1775 1363 1851 fructiferis,

414 1875 451 1938 in
474 1875 630 1956 partibus
654 1876 813 1952 diversis,
837 1883 871 1940 et
892 1876 969 1939 aliis
988 1873 1137 1939 insolitis
1162 1874 1261 1951 locis,
1283 1894 1366 1957 pro·

415 1982 582 2056 ruperunt
598 1974 710 2038 fontes
728 1995 789 2057 per
813 1975 945 2038 rivulos
961 1974 1203 2050 discurrentes,
1225 1992 1271 2037 ex
1288 1973 1367 2054 qui-

415 2075 480 2136 bus
501 2093 593 2155 aqua
620 2073 711 2136 inter
737 2073 854 2153 fruges
877 2081 987 2149 stans,
1007 2073 1052 2136 ad
1080 2070 1219 2135 modum
1246 2072 1365 2153 stagni

415 2160 573 2248 cellecta,
613 2172 862 2235 admirantibus
897 2171 1027 2248 multis,
1062 2170 1173 2254 pisces
1205 2169 1366 2235 fluviales

416 2269 600 2351 produxit3
629 2269 826 2332 molendina
849 2270 954 2334 etiam
976 2270 1012 2333 in
1033 2269 1239 2334 stationibus
1260 2277 1297 2333 et
1311 2288 1367 2333 se·

415 2366 515 2429 dibus
541 2367 668 2430 fiebant
695 2367 852 2445 diversis,
876 2369 936 2432 ubi
960 2387 1136 2450 nunquam
1162 2375 1267 2432 antea
1288 2368 1366 2432 visa

414 2464 567 2530 fuerunt,
619 2465 747 2529 Eodem
764 2486 902 2549 quoque
916 2475 1082 2549 tempere,
1105 2473 1208 2531 sexte
1231 2466 1367 2532 scilicet

414 2563 492 2626 idus
505 2562 651 2645 Aprilis,
666 2565 758 2629 cirea
777 2565 898 2629 horam
918 2566 986 2630 diei
1009 2566 1166 2648 primam,
1185 2564 1365 2628 infinibus

416 2661 633 2727 Herefordiae
662 2671 698 2726 et
725 2664 906 2746 Vigerniae
943 2670 1179 2746 apparuerunt
1210 2663 1248 2726 in
1277 2663 1365 2728 caele

415 2770 564 2842 quatuor
597 2761 688 2826 seles
718 2762 902 2828 adulterini
924 2764 1016 2827 circa
1036 2763 1144 2826 solem
1170 2762 1365 2826 naturalem

415 2860 542 2924 diversi
559 2861 696 2937 coloriS,
710 2861 850 2942 quidam
865 2861 902 2925 iu
915 2861 1152 2938 semicirculis,
1167 2859 1309 2942 quidam
1326 2861 1364 2925 in

415 2960 584 3024 rotundis.
638 2958 689 3023 Hi
721 2960 812 3023 soles
839 2960 1021 3042 plusquam
1050 2960 1144 3024 mille
1166 2953 1269 3023 ²viris
1295 2959 1363 3024 fide

415 3050 529 3139 dignis‘
547 3066 753 3141 apparentes
767 3059 919 3122 terribile
940 3058 1009 3123 illis
1026 3058 1262 3141 spectaculum
1276 3077 1365 3139 pras-

415 3156 589 3236 buerunt3
615 3158 708 3220 uude
730 3158 869 3238 quidam
896 3177 1014 3221 eorum
1038 3166 1180 3240 propter
1196 3157 1364 3222 visionem

415 3253 589 3318 insolitam
624 3256 812 3336 pinxerunt
842 3256 934 3321 soles
968 3263 1004 3320 et
1038 3257 1184 3321 circulos
1216 3255 1363 3321 diversis

416 3352 589 3416 coloribus
620 3354 805 3435 insignitos
838 3355 874 3419 in
905 3355 1052 3438 pellibus
1085 3355 1291 3433 literalibus,
1320 3374 1365 3420 nc

415 3469 471 3513 res
493 3458 566 3514 tam
580 3451 721 3517 insolita
743 3473 766 3518 a
782 3455 953 3518 memoriis
978 3454 1154 3518 hominum
1178 3453 1364 3519 laberetur.

414 3549 542 3614 Secuta
569 3558 622 3615 est
646 3560 761 3617 autem
789 3554 909 3618 eedem
936 3573 1028 3618 anne
1054 3554 1090 3617 in
1116 3554 1275 3636 partibus
1296 3553 1366 3617 illis

414 3669 540 3730 guerra
573 3650 733 3728 crudelis,
770 3660 905 3735 strages
943 3661 978 3717 et
1008 3652 1149 3716 humani
1184 3653 1365 3734 sanguinis

450 3838 544 3892 ¹Tantc
562 3843 702 3906 pluviarum
718 3843 874 3907 inundatio]
900 3859 962 3906 very
985 3849 1075 3908 μεως
1102 3844 1321 3896 Aunobweverl.
1340 3859 1367 3907 p.

414 3911 446 3959 Iu
454 3911 587 3973 Waverley
595 3927 652 3961 nevv
659 3918 811 3974 monastery,
821 3913 843 3961 it
853 3914 875 3963 is
903 3917 959 3963 194.

414 3980 481 4039 eald,
491 3981 533 4029 the
541 3987 621 4031 water
632 3997 687 4031 rose
698 3987 724 4031 to
735 3982 777 4032 the
788 3982 875 4044 height
936 3980 1194 4047 'virinfidedigntsq
1211 3981 1266 4031 The
1274 3983 1365 4045 btsbop

414 4051 443 4099 oi
462 4050 533 4111 eight
548 4051 608 4100 ieet.
650 4052 731 4113 Many
749 4067 806 4101 men
824 4053 875 4101 aud
901 4053 930 4102 et
939 4052 1065 4102 Heraiord
1080 4053 1131 4102 and
1147 4052 1189 4102 Sir
1203 4051 1274 4102 Jebn
1292 4052 1368 4102 Mon·

414 4118 489 4167 much
507 4121 583 4170 cattle
594 4135 661 4170 were
677 4121 808 4183 drowued,
824 4121 875 4172 and
901 4122 988 4171 mouth
996 4137 1039 4171 are
1050 4136 1142 4183 among
1148 4121 1220 4170 those
1231 4122 1331 4185 spoken
1340 4121 1371 4173 oi

414 4187 456 4237 the
475 4189 527 4238 loss
550 4190 576 4239 in
597 4190 669 4241 ether
687 4196 799 4254 respecta
820 4206 875 4242 was
900 4191 1367 4253 aswitnassesosuesephaenonem.
