2978 4996
209 917 264 957 Ab.
276 915 330 952 ΙΜ.

208 969 254 1006 'l'be
264 965 315 1011 king

211 1015 307 1055 deinter!

208 1066 277 1104 aaron

208 1116 331 1155 (imment.

362 431 429 497 278
620 443 755 493 noorai
777 444 825 490 on
848 442 1055 491 wnuoovna

370 677 461 752 Quod
473 677 592 742 aculoti
607 677 786 741 innuerunt
801 676 966 739 exercitum
981 675 1062 759 repis
1075 673 1202 760 Anoliae
1218 674 1310 758 opud

757 776 934 839 Grosmont.

420 898 521 962 Circa
543 899 681 963 eosdem
705 899 809 963 etiam
829 898 914 973 dies,
939 916 1017 960 cum
1042 915 1105 960 rex
1123 894 1319 976 Anglornm

370 997 461 1080 apud
472 997 695 1062 Gloverniam
709 997 887 1079 copiosum
900 996 1098 1076 collegisset
1111 996 1319 1072 exercitum,

371 1115 490 1159 versus
507 1095 749 1161 Herefordiam
763 1094 947 1160 inWalliis
963 1093 1118 1174 legiones
1133 1095 1318 1175 promovit,

370 1203 405 1258 et
431 1194 509 1257 inde
537 1203 664 1258 terram
687 1196 863 1277 ingressus
894 1193 1103 1267 Marescalli,
1132 1191 1177 1254 ad
1207 1192 1318 1273 ipsius

371 1293 683 1356 cxhaeredationem
720 1301 756 1357 et
785 1293 940 1374 corporis
975 1292 1168 1372 captionem
1207 1292 1319 1354 modis

371 1391 528 1454 omnibus
546 1391 742 1455 anhelabat.
793 1391 861 1454 Sed
883 1391 953 1466 ille,
976 1397 1015 1452 nt
1031 1389 1179 1451 bellator
1201 1391 1320 1469 provi·

371 1489 448 1563 dns,
476 1496 557 1552 ante
582 1490 673 1569 regis
698 1489 886 1553 adventum
914 1494 1070 1552 armenta
1092 1488 1318 1552 subtraxerat

372 1594 407 1650 ct
424 1587 600 1663 victualia,
623 1587 714 1651 unde
736 1608 813 1665 rex,
834 1607 898 1669 pro
919 1587 1158 1650 alimentorum
1182 1585 1320 1651 defectu

372 1704 502 1749 moram
524 1686 572 1749 ibi
597 1686 709 1749 facero
735 1706 803 1751 non
824 1687 957 1760 valens,
984 1678 1044 1748 ¹ad
1071 1683 1251 1748 castellnm
1275 1684 1320 1749 (le

373 1783 563 1847 Grosmunt
585 1804 663 1849 cnm
692 1785 846 1849 exercitu
870 1803 935 1847 suo
959 1783 1123 1861 divertit;
1153 1782 1213 1845 ubi
1239 1802 1320 1847 cnm

373 1902 434 1963 por
456 1882 528 1945 dies
547 1883 681 1966 aliquot
702 1902 834 1947 moram
859 1881 1100 1963 protraxisset,
1128 1880 1321 1945 Marescal·

374 1982 428 2045 lus
445 1990 479 2045 et
495 1982 571 2065 ejus
585 1981 809 2045 confoederati
825 1999 903 2043 cum
917 1981 1118 2062 proscriptis
1133 1979 1178 2041 ab
1190 1978 1323 2060 Anglia

374 2089 409 2144 et
433 2080 595 2156 exulatis,
626 2081 739 2143 missis
768 2080 1058 2161 exploratoribus,
1084 2087 1322 2158 cognoverunt

376 2197 493 2257 regem
509 2178 600 2240 infra
622 2178 756 2241 castelli
777 2178 944 2241 ambitum
966 2184 1181 2258 pernoctare,
1199 2183 1236 2240 et
1249 2196 1323 2240 ma·

372 2276 484 2358 jorem
508 2283 642 2357 partem
666 2277 839 2340 exercitus
864 2283 966 2338 extra
984 2276 1019 2337 in
1040 2275 1199 2338 tentoriis
1219 2294 1323 2339 excu-

376 2375 450 2435 bias
478 2373 663 2438 celebrare.
707 2373 808 2438 'l'nnc
833 2375 944 2437 omnis
972 2372 1169 2450 multitudo,
1196 2380 1324 2456 praeter

378 2471 630 2546 Marescallum,
663 2474 722 2554 qui
751 2492 867 2553 regem
900 2472 1065 2536 invadere
1094 2470 1218 2548 noluit,
1245 2491 1324 2535 curn

378 2569 611 2634 Wollensibus
636 2579 672 2635 et
688 2572 844 2635 exercitu
869 2571 1023 2652 copioso,
1048 2563 1102 2632 'in
1129 2569 1186 2633 ‹lie
1210 2571 1323 2636 saneti

379 2668 524 2732 Martini
549 2669 702 2751 episcopi
725 2676 805 2751 post
833 2668 1072 2749 crepusculum
1095 2667 1178 2731 illuc
1201 2688 1325 2751 prope·

379 2775 507 2843 rantes,
524 2774 558 2831 et
570 2767 660 2844 illos,
677 2768 787 2848 quiin
805 2767 961 2831 tentoriis
978 2766 1133 2848 soporati
1147 2765 1325 2847 jacebunt,

379 2867 594 2943 invadentes,
615 2886 723 2948 equos
745 2866 928 2949 plusquam
945 2865 1153 2947 quingentos
1167 2883 1248 2929 cum
1263 2866 1325 2929 oli·

379 2966 470 3029 tellis
479 2973 514 3028 et
523 2965 642 3047 spoliis
657 2984 697 3028 ac
713 2964 918 3046 supellectili
930 2964 1091 3027 universa
1101 2972 1326 3045 occuparunt,

379 3065 589 3144 lugientibus
604 3064 739 3127 caeteris
756 3064 826 3127 sere
843 3062 1026 3144 nudisque
1041 3062 1191 3143 impetus
1206 3082 1325 3145 quem·

380 3181 447 3242 que
459 3161 607 3226 ducebat
620 3183 629 3240 ;
645 3181 708 3225 nec
719 3181 764 3225 ex
775 3161 825 3225 eis
836 3180 1032 3242 quenquam
1042 3160 1168 3224 laedere
1176 3161 1233 3225 vel
1245 3181 1327 3244 cap-

380 3267 454 3323 tum
471 3260 641 3323 abducere
656 3261 839 3324 voluerunt
853 3260 1001 3323 victores
1018 3259 1081 3336 illi,
1098 3265 1226 3340 praeter
1240 3260 1327 3325 dnos

380 3357 519 3434 milites,
537 3359 654 3440 quiex
672 3360 829 3423 omnibus
844 3358 1016 3422 interfecti
1029 3358 1178 3421 fuerunt
1217 3356 1327 3441 Cepe-

382 3462 462 3519 runt
490 3476 572 3537 ergo
596 3458 696 3538 bigas
718 3464 755 3520 et
774 3457 932 3521 vehicula
957 3463 1095 3533 cuncta,
1116 3455 1245 3537 quibus
1267 3477 1327 3539 pe·

381 3555 483 3617 cunia
497 3562 533 3618 et
550 3556 716 3619 victualia
729 3555 925 3620 ferebantur
949 3562 985 3618 et
1004 3573 1113 3631 arma,
1130 3561 1239 3636 atquo
1256 3575 1328 3620 sar·

381 3653 467 3716 cinis
483 3655 570 3716 bene
589 3652 765 3736 dispositis
781 3654 824 3716 ad
840 3660 917 3717 tuta
932 3652 1078 3715 latibula
1091 3659 1174 3716 sunt
1186 3656 1327 3719 reversi.

383 3750 501 3835 Hujus
523 3758 636 3815 autem
663 3753 713 3814 rei
737 3759 843 3815 testes
865 3758 946 3814 sunt
964 3750 1091 3813 Petrus
1108 3749 1328 3817 Wintonieu·

381 3850 442 3926 sis,
460 3850 666 3932 Radulphus
690 3850 931 3926 cicestrensis,
951 3849 1116 3931 episcopi,
1131 3849 1329 3931 Stephanus

381 3949 424 4011 de
440 3948 606 4030 Segrave,
623 3949 713 4030 regis
723 3949 949 4032 justiciarius,
965 3946 1092 4011 Petrus
1108 3947 1152 4010 de
1168 3946 1332 4027 Rivallis,

419 4122 426 4151 ¹
436 4120 478 4169 Ad
489 4123 613 4169 cartellam
624 4123 653 4171 de
663 4123 795 4171 Groonuat
805 4157 812 4171 .
822 4157 828 4170 .
840 4158 847 4171 .
906 4118 954 4169 'In
961 4121 1001 4170 die
1007 4121 1085 4169 meti
1092 4121 1201 4172 Martini
1207 4122 1333 4188 episcopi]

382 4185 512 4256 divertit]
531 4191 624 4241 (Jhron.
637 4191 730 4241 Duum.
743 4207 769 4253 p.
781 4195 838 4240 21⁹.
874 4190 931 4240 lltb
942 4189 971 4240 os
979 4190 1132 4240 November.
