2978 4996
468 438 608 486 ruouns
632 437 902 486 rusroumnuu.
1096 423 1161 486 201

208 602 381 678 quatenus
403 594 495 658 sicut
516 595 578 658 lilii
599 595 776 659 naturales
800 595 953 659 ecclesiae
978 594 1160 671 Romanae,
1174 616 1299 676 annon

210 714 288 776 quae
303 701 414 757 mater
427 701 481 757 est
491 695 642 757 omnium
658 695 892 770 ecclesiarum,
910 701 1068 776 potenter
1082 697 1162 759 sub-
1173 667 1300 781 may,

210 794 365 868 veniant,
389 811 445 868 ne,
474 793 566 873 quod
597 794 700 869 absit,
731 794 810 875 ipsa
836 793 1028 870 deficiente,
1055 766 1289 857 mem-{law

210 893 274 954 bra
303 911 381 954 cum
409 892 523 973 capite
550 893 773 955 succumbere
795 892 990 956 videantur.
1035 892 1105 955 His
1127 901 1163 957 et

210 990 288 1053 aliis
305 991 341 1052 in
357 989 448 1052 bunc
469 990 608 1052 modum
631 992 666 1053 in
688 991 887 1054 authentico
909 992 1037 1054 domini
1060 1011 1161 1073 papae

211 1096 371 1170 patenter
391 1090 578 1169 expressis
601 1090 773 1170 persuasit
787 1091 953 1171 magister
966 1090 1163 1173 Stephanus

213 1188 372 1250 omuibus
398 1188 457 1268 qui
484 1187 641 1263 aderant,
670 1197 709 1250 ut
729 1191 975 1263 consentirent,
1006 1189 1163 1270 allegans

212 1286 376 1348 bonorem
393 1294 428 1348 et
444 1286 673 1362 commodum,
690 1280 785 1368 ¹quae
803 1294 945 1369 possent
959 1288 1085 1350 exinde
1103 1290 1164 1351 ob-

213 1385 485 1466 temperantibus
503 1385 693 1466 provenire.
728 1385 807 1448 Rex
825 1393 941 1449 autem
955 1386 1162 1468 Anglorum,

215 1502 327 1564 aquo
352 1485 468 1547 caeteri
491 1503 611 1546 omnes
635 1485 821 1565 sperabant
843 1484 968 1548 babere
994 1485 1164 1548 defensio-

215 1583 269 1644 nis
289 1582 470 1657 auxilium,
493 1583 552 1663 qui
576 1581 699 1645 Romae
722 1602 783 1665 per
806 1592 1047 1664 procuratores
1068 1586 1161 1659 suoS,

216 1687 255 1743 ut
271 1681 508 1762 supradictum
531 1688 596 1756 est,
618 1681 662 1743 ad
684 1681 833 1744 decimas
851 1682 1034 1746 solvendas
1051 1683 1164 1746 fuerat

215 1778 401 1860 obligatus,
420 1799 488 1842 uon
511 1780 624 1860 potuit
638 1779 895 1857 contradicere;
919 1788 966 1857 et,
982 1800 1060 1844 cum
1079 1782 1163 1844 nihil

213 1878 448 1959 responderet,
474 1878 569 1941 visus
593 1886 645 1940 est
671 1877 818 1940 tacendo
843 1896 1049 1940 consensum
1074 1899 1163 1959 prae·

214 1977 306 2039 bere.
359 1975 513 2040 Comites
540 1996 623 2039 vern
647 1984 682 2039 et
708 1978 854 2040 barones
881 1996 922 2039 ac
944 1977 1023 2038 laici
1047 1996 1164 2039 omnes

215 2075 317 2156 plane
347 2075 497 2138 decimas
532 2094 570 2137 se
606 2075 749 2138 daturos
775 2074 1072 2151 contradixerunt,
1104 2095 1165 2138 no-

215 2173 325 2237 lentes
347 2175 509 2237 baronias
532 2193 613 2236 suas
628 2175 683 2237 vel
707 2173 815 2238 laicas
835 2175 1069 2255 possessiones
1090 2173 1165 2237 Ro·

216 2291 328 2335 manae
354 2273 506 2336 ecclesiae
532 2273 699 2353 obligare.
752 2272 914 2355 Episcopi
936 2293 1085 2356 quoque,
1105 2274 1165 2336 ab·

215 2371 326 2448 batos,
352 2372 483 2453 priores
509 2378 545 2434 et
569 2371 628 2434 alii
658 2371 879 2435 ecclesiarum
911 2373 1059 2454 praelati,
1086 2380 1166 2454 post

217 2469 320 2532 trium
337 2470 394 2534 vel
409 2477 559 2551 quatuor
575 2470 706 2532 dierum
724 2470 1005 2535 deliberationem
1023 2479 1058 2535 et
1073 2492 1166 2534 mur-

216 2570 445 2633 murationem
461 2589 529 2632 non
547 2569 729 2645 modicam,
749 2570 888 2634 tandem
906 2577 1165 2646 consenserunt,

217 2676 409 2731 metuentes
430 2668 796 2732 excommunicationis
817 2670 1022 2732 sententiam
1039 2669 1095 2732 vel
1111 2669 1165 2730 in·

219 2768 355 2831 terdicti
370 2767 434 2830 sibi
449 2767 579 2843 inferri,
597 2767 627 2829 si
650 2767 821 2830 mandatis
844 2767 1045 2848 apostolicis
1067 2767 1165 2828 obvi·

219 2877 329 2930 arent.
381 2865 481 2928 Tunc
499 2865 665 2946 magister
678 2864 874 2947 Stephanus
886 2865 1039 2946 praelatis
1056 2865 1166 2926 omni-

217 2966 282 3028 bus
304 2966 424 3029 literas
447 2964 577 3027 domini
596 2982 696 3045 papae
719 2962 975 3045 procuratorias
1002 2963 1166 3040 ostendit,

219 3064 342 3145 quibus
359 3063 450 3126 idem
464 3083 556 3145 papa
571 3063 684 3144 ipsum
701 3063 744 3125 ad
765 3063 876 3125 dictas
899 3063 1049 3125 decimas
1071 3062 1167 3125 colli·

219 3163 350 3243 gendas
374 3170 630 3244 procuratorem
648 3164 888 3238 constituerat,
911 3169 1032 3225 utnon
1048 3181 1167 3224 secun-

219 3260 300 3322 dum
323 3261 538 3324 taxationem
561 3261 686 3323 factam
710 3261 745 3322 in
762 3261 936 3338 vicesima,
960 3280 1037 3342 quae
1063 3260 1168 3342 paulo

220 3367 301 3422 ante
321 3361 394 3441 regi
410 3359 494 3422 data
510 3360 621 3422 fuerat
636 3378 699 3440 pro
723 3358 939 3423 libertatibus
963 3360 1169 3436 obtinendis

220 3458 280 3521 sed
304 3459 491 3521 secundum
515 3457 607 3540 quod
628 3458 750 3521 melius
773 3466 931 3539 possunt,
953 3459 995 3520 ad
1019 3478 1169 3521 commo·

222 3557 301 3619 dum
335 3557 464 3620 domini
496 3576 608 3638 papae,
636 3564 671 3619 et
702 3557 841 3619 uberius
868 3557 983 3619 omnia
1013 3557 1105 3619 bona
1135 3563 1171 3618 et

221 3656 362 3719 mobilia
396 3656 610 3736 singulorum
645 3656 781 3732 taxari;
808 3655 968 3717 videlicet
993 3653 1035 3716 de
1063 3654 1171 3715 omni-

220 3756 285 3817 bus
316 3754 517 3831 redditibus
548 3755 781 3836 proventibus,
812 3753 980 3815 fructibus
1012 3770 1170 3815 carruca·

221 3873 309 3931 rum,
340 3854 587 3930 oblationibus,
615 3853 769 3927 decimis,
792 3851 1011 3914 nutrimentis
1040 3850 1170 3912 anima·

220 3951 305 4015 lium
326 3961 361 4016 et
386 3953 569 4029 fructibus,
588 3961 624 4015 et
652 3952 693 4014 de
718 3951 875 4014 omnibus
907 3949 1172 4013 obventionibus

442 4169 448 4202 ¹
461 4174 522 4228 Quae
536 4171 654 4234 possent]
673 4170 703 4218 lu
716 4170 773 4219 ΜΒ.
785 4169 951 4231 ‘qutposset
