2978 4996
394 461 438 522 74
655 473 789 522 noorai
813 473 860 520 nn
884 470 1092 520 wnnnovnn

236 652 358 691 annm.
396 630 519 694 tinenti
538 629 748 693 armavimus
770 629 814 692 ad
840 626 1013 710 praedictis
1038 624 1161 708 galeiis
1182 627 1347 691 resisten-

397 730 490 793 dum.
553 723 615 791 ¹Et
644 729 775 804 sciatis,
806 728 899 810 quod
935 725 1142 802 Coracinus,
1175 724 1348 789 Soldanus

397 829 574 904 Damasci,
602 834 814 909 congregata
845 826 1094 890 Saracenorum
1126 825 1348 889 multitudine

396 928 542 1004 infinita,
581 927 794 1009 comperiens
835 925 995 990 civitates
1032 923 1155 989 Achon
1191 932 1228 988 et
1260 923 1348 1021 Tyri

397 1026 520 1089 militia
542 1034 577 1089 et
602 1026 730 1109 populo
761 1023 826 1089 sibi
860 1025 1021 1088 resistere
1047 1024 1178 1088 valenti
1207 1024 1346 1105 penitus

397 1125 595 1201 destitutas,
615 1126 741 1189 damna
761 1123 830 1186 illis
852 1123 1061 1205 gravissima
1076 1122 1165 1185 clam
1180 1129 1216 1186 ct
1229 1122 1346 1204 palam

397 1225 594 1306 frequenter
619 1223 747 1301 insert;
781 1231 863 1286 ante
890 1229 1058 1304 praeterea
1087 1228 1238 1285 castrum
1266 1240 1347 1284 nos-

398 1330 502 1400 trum,
528 1323 620 1404 quod
646 1319 912 1403 Peregrinorum
936 1320 1073 1397 dicitur,
1096 1320 1225 1401 saepius
1250 1319 1348 1384 veni·

397 1440 459 1484 ens
475 1439 540 1484 sua
557 1421 707 1485 tentoria
723 1421 814 1497 fixit,
832 1419 1012 1501 dispendia
1028 1419 1126 1482 nobis
1142 1418 1347 1482 multimoda

397 1518 598 1599 inferend03
627 1526 779 1583 castrum
802 1538 940 1602 quoque
964 1518 1133 1583 Caesareae
1157 1514 1346 1581 Palestinae

399 1618 560 1681 obsidens
592 1617 806 1702 subjugavit,
835 1617 995 1700 quamvis
1024 1616 1141 1699 plures
1174 1617 1346 1699 peregrini

399 1724 480 1780 tunc
505 1716 596 1799 apud
619 1716 741 1782 Achon
766 1725 993 1781 morarentur.
1046 1715 1220 1781 Caeterum
1241 1734 1348 1780 nove·

399 1816 485 1892 ritis,
509 1815 600 1897 quod
625 1814 770 1899 Seraph,
795 1816 886 1879 filius
911 1815 1113 1898 Saphadini‚
1137 1814 1244 1879 frater
1268 1815 1346 1880 Sol·

398 1914 566 1978 danorum
593 1915 783 1999 Babylonis
804 1924 839 1979 et
861 1915 1038 1992 Damasci,
1060 1921 1182 1979 contra
1204 1913 1347 1978 Sarace-

400 2032 463 2077 nos
482 2015 666 2078 orientales
690 2015 727 2078 in
750 2014 954 2078 manuforti
977 2013 1143 2077 dimicans
1165 2013 1199 2076 in
1223 2020 1346 2095 poten·

398 2114 543 2177 tioribus
567 2114 632 2177 sibi
654 2113 901 2177 obsistentibus
921 2112 1066 2176 multum
1087 2111 1282 2194 praevoluit,
1306 2112 1347 2175 li-

399 2219 454 2275 cet
478 2233 546 2276 non
572 2212 615 2275 de
641 2211 812 2288 omnibus,
838 2211 933 2293 quia,
955 2212 1107 2276 Domino
1128 2218 1346 2293 procurante,

399 2311 441 2374 dc
466 2309 558 2374 facili
587 2330 655 2373 non
683 2329 802 2373 omnes
828 2311 957 2393 poterit
980 2329 1168 2393 superare3
1201 2328 1293 2386 nam,
1317 2311 1348 2374 si

399 2427 559 2488 guerram
597 2407 692 2471 illam
728 2417 846 2490 posset
872 2410 917 2472 ad
955 2409 1112 2473 effectum
1147 2409 1346 2491 perducere,

399 2515 492 2570 terra
521 2505 717 2571 Antiochiae
747 2508 804 2571 vel
832 2507 997 2590 Tripolis,
1028 2507 1242 2571 Achonensis
1273 2509 1347 2573 sive

400 2606 623 2687 AEgyptiaca,
644 2606 687 2670 ad
710 2625 962 2688 quamcumque
986 2606 1122 2671 illarum
1146 2606 1347 2684 declinaret,

400 2704 552 2769 maximo
577 2707 730 2788 periculo
754 2706 960 2790 subjaceret,
987 2714 1034 2783 et,
1052 2705 1083 2768 si
1107 2704 1248 2788 aliquod
1272 2725 1347 2770 cas-

401 2811 532 2869 trorum
555 2813 751 2871 nostrorum
771 2805 949 2869 obsidione
966 2805 1123 2879 vallaret,
1148 2805 1347 2870 nullatenus

400 2923 479 2967 eum
503 2924 664 2969 amovere
684 2924 885 2988 possemus3
912 2912 1138 2968 veruntamen
1161 2904 1255 2969 dicta
1276 2905 1347 2968 dis-

399 3005 514 3066 sensio
538 3005 702 3085 gaudium
728 3005 826 3067 nobis
847 3004 981 3067 confert
1002 3011 1037 3067 et
1059 3003 1224 3067 solamen.
1276 3004 1349 3068 Ex-

400 3102 633 3183 spectavimus
661 3110 830 3183 praeterea
853 3102 928 3184 jam
955 3101 1014 3165 diu
1045 3102 1287 3185 imperatorem
1313 3112 1350 3168 et

401 3199 533 3262 nobiles
567 3199 666 3277 alios,
701 3219 763 3281 per
796 3220 884 3282 quos
913 3220 1091 3283 speramus
1122 3201 1281 3279 relevari,
1312 3203 1349 3265 in

400 3316 547 3379 quorum
581 3299 734 3362 adventu
765 3320 852 3382 opus
884 3300 1070 3364 multorum
1102 3300 1261 3364 manibus
1294 3303 1349 3365 in·

401 3395 563 3460 choatum
594 3397 638 3460 ad
674 3397 778 3462 finem
809 3418 988 3482 speramus
1027 3399 1214 3482 perducere
1247 3408 1348 3483 opta-

401 3504 497 3573 tum;
527 3497 557 3558 si
582 3517 665 3561 vero
692 3497 734 3561 dc
760 3518 821 3580 spe
844 3518 1028 3563 succursus
1059 3497 1162 3582 hujus
1185 3499 1222 3562 in
1244 3519 1350 3582 prox-

400 3595 470 3658 ima
495 3602 630 3674 aestate,
653 3596 742 3679 quod
779 3598 882 3673 absit,
912 3597 1168 3675 frustraremur,
1200 3605 1350 3680 utraque

401 3703 505 3771 terra,
528 3696 638 3778 Syriae
667 3697 828 3760 videlicet
849 3704 885 3760 et
905 3698 1064 3780 AEgypti,
1088 3704 1159 3760 tam
1184 3697 1247 3760 illa
1270 3717 1349 3781 quae

402 3814 512 3876 nuper
528 3803 583 3858 est
602 3796 788 3878 adquisita,
806 3815 910 3877 quam
932 3797 993 3860 illa
1010 3815 1089 3879 quae
1113 3796 1171 3859 diu
1188 3816 1350 3878 possessa

401 3902 466 3969 est,
485 3895 522 3957 in
539 3914 622 3958 casu
645 3902 727 3958 sunt
743 3895 847 3958 dubio
866 3897 1077 3959 constitutae.
1132 3895 1209 3959 Nos
1230 3896 1351 3979 itaque

401 4001 435 4056 et
454 3992 532 4057 aliae
554 4002 675 4074 gentes
694 3995 888 4059 cismarinae
905 4002 959 4059 tot
975 4002 1009 4058 et
1027 3995 1134 4058 tantis
1156 3996 1351 4077 sumptibus

636 4117 777 4124 ...—
930 4118 996 4123 .-....
1006 4116 1346 4124 -——-——--.-—-

434 4167 756 4288 ¹Et'rc1atlirgsslssompare
775 4170 897 4220 Bemard.
908 4169 1044 4233 Thesara,
1062 4168 1197 4232 nluratori,
1215 4169 1273 4217 Iler.
1292 4169 1352 4219 Ital.

400 4244 461 4287 torn.
473 4239 517 4288 vri.
530 4253 579 4288 co.
641 4274 648 4287 .
