2978 4996
363 454 428 522 294
621 469 754 518 noorai
782 468 827 516 on
850 466 1056 516 wnunovnn

205 646 259 685 ab·
272 644 328 685 ¹²³⁴·
367 633 488 708 vicem,
502 644 541 694 ut
552 631 759 712 perimerent
771 630 1000 699 innocentem,
1014 634 1311 707 congregaverunt

367 731 558 794 exercitum
575 731 764 812 copiosum,
785 735 821 791 et
836 735 946 790 terras
964 725 1098 788 comitis
1115 725 1312 789 Marescalli

368 831 540 894 hostiliter
553 829 699 910 ingressi
715 827 873 909 qnaedam
888 824 1032 888 castella
1047 824 1124 908 ejus
1137 834 1313 908 ceperunt,

368 929 504 1012 praedas
522 938 558 992 et
574 927 685 1010 spolia
703 928 793 990 inter
809 945 846 989 se
863 925 1064 988 diviserunt.

452 1103 543 1178 Quod
555 1102 689 1166 heretici
705 1098 882 1185 Albrpermcs
896 1099 931 1162 irr
946 1098 1109 1183 comperiri
1120 1097 1220 1182 prael’

481 1275 485 1282 Ι
727 1208 798 1263 armi
807 1199 970 1284 perempti.

208 1340 254 1378 rue
264 1338 321 1377 aru·
422 1317 517 1387 Hoc¹
536 1342 673 1406 quoque
688 1342 779 1387 anno
795 1322 947 1385 haeretici
962 1320 1168 1401 Albigenses
1182 1320 1219 1382 iu
1236 1339 1313 1402 par-

208 1399 284 1487 ffi
294 1388 315 1426 ¹⁰
372 1423 463 1486 tibus
478 1422 660 1504 Hispaniae
674 1430 710 1484 et
722 1421 792 1484 illis
806 1421 1004 1502 regionibus
1016 1421 1066 1483 ita
1082 1419 1314 1495 invaluerunt,

372 1528 422 1596 ut,
442 1520 610 1584 ordinatis
632 1521 802 1602 episcopis
828 1519 1009 1594 haereticis,
1027 1519 1087 1600 qui
1105 1537 1206 1581 suam
1228 1536 1315 1599 pree·

372 1620 527 1682 dicarent
543 1619 756 1697 abusionem,
778 1619 977 1682 asserebant
996 1625 1195 1681 constanter
1215 1617 1313 1679 fidem

373 1717 617 1794 Christianam,
639 1727 675 1781 et
692 1718 864 1799 praecipue
887 1717 1135 1780 iucarnationis
1156 1717 1315 1800 mysteri·

374 1837 444 1893 um,
465 1816 625 1881 frivolum
652 1836 728 1880 esse
753 1835 795 1879 ac
819 1814 956 1897 penitus
983 1814 1248 1897 abrogandum
1280 1821 1315 1877 et

375 1925 641 1997 congregantes.
657 1916 846 1979 exercitum
867 1914 1043 1996 copiosum
1065 1914 1213 1995 ingressi
1235 1920 1314 1976 sunt

375 2015 545 2079 hostiliter
554 2016 639 2078 fines
652 2014 937 2089 Christianorum,
952 2014 1191 2077 comburentes
1208 2012 1314 2076 eccle·

374 2116 443 2178 sias
469 2123 503 2177 et
524 2114 677 2177 homines
699 2113 914 2177 Christianos
942 2112 1188 2194 cujuscumque
1213 2131 1315 2175 sexus

375 2212 430 2276 vel
445 2213 559 2275 aetatis
571 2211 884 2275 immisericorditer
898 2208 1120 2274 trucidantes.
1159 2211 1240 2297 Sed,
1252 2210 1316 2275 hoc

375 2310 513 2374 tandem
529 2309 721 2391 divulgato,
739 2328 935 2391 compressa
952 2318 1004 2373 est
1020 2329 1137 2373 eorum
1155 2310 1315 2393 supersti-

375 2409 465 2471 tiosa
486 2409 711 2490 praesumptio
734 2428 756 2473 a
779 2409 934 2472 fidelibus
954 2408 1171 2486 Christianis,
1190 2409 1251 2492 qui
1274 2408 1315 2473 ad

376 2505 575 2569 mandatum
596 2505 757 2588 Gregorii
777 2527 876 2589 papae
896 2527 941 2570 ex
956 2507 1100 2573 dirersis
1121 2510 1316 2590 regionibus

375 2605 563 2670 occidentis
584 2625 685 2669 cruce
706 2606 835 2688 signati
857 2606 1068 2671 advenerant
1082 2607 1125 2670 ad
1147 2607 1315 2671 defensio·

377 2726 453 2769 nem
473 2705 550 2768 fidei
574 2703 792 2769 Christianae.
845 2705 1019 2788 Perempti
1039 2713 1120 2770 suut
1138 2715 1255 2771 autem
1276 2708 1317 2770 ab

377 2806 426 2868 eis
459 2805 495 2867 in
526 2805 710 2886 campestri
745 2804 864 2886 praelio
896 2814 1048 2886 tempore
1077 2806 1209 2869 vernali
1240 2824 1314 2870 cum

376 2905 448 2966 suis
473 2904 643 2985 episcopis
672 2903 824 2967 haeretici
858 2905 1048 2982 memorati,
1072 2906 1122 2968 ita
1141 2905 1235 2986 qnod
1256 2924 1316 2968 uec

376 3023 437 3085 pes
460 3022 548 3065 unus
571 3021 616 3064 ex
633 3002 792 3066 omnihus
814 3003 947 3081 evasit;
975 3003 1165 3067 Christiani
1182 3023 1317 3087 quoquc

376 3103 534 3165 civitates
553 3120 671 3164 eorum
693 3108 902 3184 occupantes
920 3102 1139 3183 repleverunt
1158 3123 1219 3166 eas
1241 3104 1318 3167 lide·

376 3201 464 3262 libus
491 3198 710 3276 Christianis,
740 3209 787 3278 et,
813 3200 980 3264 ordinatis
1010 3201 1120 3264 ineis
1148 3202 1318 3285 episcopis

374 3298 565 3374 catholicis,
584 3299 711 3362 reversi
730 3306 812 3362 sunt
829 3299 977 3363 victores
992 3301 1027 3363 in
1044 3301 1192 3382 patriam
1209 3322 1319 3377 suam,

374 3405 421 3471 et,
438 3397 496 3478 qui
520 3415 690 3478 pauperes
712 3398 926 3463 advenerant
946 3418 968 3462 a
986 3400 1143 3481 partibus
1166 3403 1319 3477 remotis,

375 3496 502 3577 singuli
516 3497 641 3559 divites
657 3506 882 3560 recesserunt.

492 3668 663 3733 Consilium
693 3672 901 3756 epiceoporum
926 3671 1124 3756 rapidorum
1143 3693 1207 3756 pro

671 3769 904 3854 perturbatiore
920 3771 1017 3856 rapui.

213 3909 349 3958 neuneu
426 3890 518 3953 Dum
540 3892 613 3956 haec
636 3896 671 3956 in
695 3892 869 3976 Hispania
888 3900 1086 3974 agerentur,
1109 3912 1172 3956 rex
1188 3893 1323 3975 Anglo-

213 3969 223 3996 r
224 3970 296 3997 eeeee
298 3963 352 3998 lrnte

213 4008 311 4104 {juppae
373 4009 448 4051 rum
467 3992 557 4055 venit
576 3993 617 4056 ad
637 3991 845 4073 colloquium
868 3991 961 4075 apud
976 3992 1324 4057 westmonasterium

374 4163 492 4299 1²3⁴pr
497 4184 594 4285 proque
610 4170 694 4232 urina]
713 4169 838 4229 Compare
856 4167 982 4228 Raynalili
999 4167 1030 4215 ad
1048 4165 1260 4231 rm.128³‚§oo;
1278 4170 1329 4219 mr

438 4269 445 4293 ‚
515 4272 521 4285 .
