2978 4996
375 465 515 515 rimans
538 442 806 516 iusronrunuu.
999 450 1067 513 315

172 693 262 775 Quod
276 715 369 759 ames
383 694 562 758 Britannia
578 716 599 759 a
615 715 681 779 repr
696 692 871 778 Anglorum
886 694 1016 759 recessit.

164 819 295 883 Eodem
329 836 433 895 anno,
459 818 611 882 instante
643 818 828 882 nativitate
858 818 971 881 sancti
1000 817 1200 923 ”illim

114 919 239 983 hannis
258 918 443 1001 Baptistae,
465 936 535 998 quo
552 925 707 999 temporo
730 924 829 980 erant
847 916 1065 999 exspirandae
1078 935 1189 983 orrann-

116 1026 250 1099 treugae
275 1018 313 1080 in
341 1017 525 1079 Britannia
548 1015 638 1079 inter
663 1035 761 1097 reges
792 1017 1003 1079 Francorum
1031 1025 1066 1081 et

117 1115 326 1197 Anglorum,
351 1134 413 1180 rex
436 1113 631 1196 Anglorum
656 1107 763 1177 ¹misit
787 1115 904 1178 comiti
928 1114 1067 1177 Britan·

117 1216 186 1279 niae
208 1215 336 1279 milites
357 1214 545 1294 sexaginta
574 1221 608 1276 et
627 1212 823 1277 Wallenses
849 1213 918 1276 duo
946 1212 1066 1289 millia,

117 1314 178 1396 qui
202 1320 303 1376 terrie
333 1312 427 1375 illius
453 1311 642 1375 infirmiora
672 1314 933 1376 communirent.
985 1310 1065 1375 Rex

115 1419 231 1475 autem
256 1412 481 1487 Francorum,
506 1411 636 1491 treugis
658 1411 819 1487 evolutis,
839 1410 1065 1491 congregavit

115 1511 305 1574 exercitum
323 1511 500 1591 copiosum
523 1529 567 1572 ex
590 1511 747 1572 omnibus
772 1511 901 1573 viribus
924 1510 1008 1585 suis,
1030 1518 1066 1573 et

116 1609 289 1691 quoddam
312 1608 493 1671 castellum
517 1609 653 1670 comitis
676 1608 867 1672 Britanniae
889 1608 1065 1672 obsidione

116 1707 274 1772 vallavit.
312 1707 443 1770 Milites
457 1706 595 1787 quidem
609 1707 700 1786 regis
717 1706 908 1786 Anglorum
922 1716 958 1770 ot
968 1708 1067 1771 Wal-

116 1806 230 1870 lenses
246 1806 462 1869 venientibus
483 1805 708 1884 Francigenis
724 1813 943 1868 occurrentes
958 1825 1066 1887 equos

117 1903 333 1987 quorundam
349 1904 498 1967 hostium
516 1922 657 1966 suorum
668 1912 898 1985 peremerunt,
915 1923 959 1966 ex
973 1905 1066 1983 equi·

116 2004 210 2068 tibus
231 2003 364 2086 pedites
385 2003 513 2066 multos
536 2002 703 2078 fecerunt,
727 2002 824 2081 bigas
846 2010 882 2064 et
897 2001 1066 2078 vehicula,

116 2103 242 2185 quibus
263 2101 429 2166 victualia
451 2100 692 2164 deserebantur
713 2108 749 2163 et
769 2119 877 2176 arma,
899 2100 1064 2163 invaden-

46 2188 50 2195 ’
118 2208 172 2265 les
187 2208 364 2282 ceperunt,
375 2219 481 2282 equos
496 2207 532 2262 et
547 2199 659 2281 spolia
675 2206 876 2280 rapuerunt,
893 2206 928 2262 et
941 2198 1067 2262 damna

118 2301 170 2365 eis
192 2318 260 2362 non
282 2299 417 2363 modica
435 2299 620 2361 inferentes
642 2298 773 2381 absque
792 2299 846 2360 sui
866 2298 1007 2361 laesione
1022 2298 1065 2360 ad

117 2398 259 2481 propria
291 2405 373 2461 sunt
407 2397 546 2460 reversi.
599 2395 649 2460 At
675 2416 737 2460 rex
767 2397 991 2473 Francorum,
1020 2417 1065 2460 ex

117 2497 244 2561 damno
264 2497 329 2559 sibi
352 2495 449 2559 illato
466 2496 700 2577 perturbatus,
717 2496 837 2558 divisis
858 2497 1065 2577 agminibus,

116 2595 268 2676 undique
295 2595 511 2660 Britanniam
539 2594 667 2658 invasit
690 2601 725 2657 et
748 2594 936 2657 Britannos
966 2596 1065 2676 gravi

117 2693 302 2758 afflictione
317 2694 490 2757 contrivit.
544 2692 669 2756 Comes
686 2703 802 2755 antem
825 2693 860 2754 in
885 2700 981 2756 arcto
1002 2713 1064 2774 po·

117 2794 207 2857 situs
231 2800 372 2873 treugas
396 2791 568 2874 usquead
594 2791 718 2857 festum
741 2790 902 2853 Omnium
926 2797 1065 2854 sancto-

117 2910 193 2954 rum
210 2892 275 2954 sub
291 2890 354 2955 tali
370 2889 481 2953 forma
503 2889 683 2972 postulans
705 2887 914 2971 impetravit,
938 2896 977 2952 ut
999 2889 1065 2951 sci·

117 2998 171 3054 ret
194 2990 330 3053 interim
355 2989 385 3052 si
409 3008 471 3052 rex
493 2987 700 3068 Anglorum,
726 2988 781 3049 cni
809 2987 1064 3051 confoederatus

117 3096 202 3163 erat,
229 3087 454 3170 corporaliter
479 3087 584 3151 vellet
610 3087 646 3149 in
675 3085 751 3168 ejus
777 3105 977 3151 succursum
1007 3106 1064 3149 ve-

118 3187 211 3266 nire;
245 3206 308 3268 pro
334 3186 388 3248 his
416 3186 585 3267 siquidem
614 3186 745 3267 treugis
775 3186 970 3250 obtinendis
1000 3186 1064 3249 sub

117 3285 180 3349 tali
202 3285 313 3349 forma
335 3283 478 3347 tradidit
502 3286 576 3365 regi
596 3284 806 3348 Francorum
829 3285 896 3349 tria
920 3285 1065 3348 castella

116 3385 261 3466 optima,
284 3383 389 3464 quod,
413 3383 443 3445 si
465 3402 528 3446 rex
550 3382 743 3464 Anglorum
769 3384 859 3447 inira
881 3385 1062 3448 terminum

116 3489 342 3545 memoratum
360 3481 403 3544 ad
422 3481 658 3545 liberationem
677 3489 777 3545 terrae
794 3502 867 3546 suae
883 3502 951 3545 non
969 3484 1063 3546 veni·

117 3588 170 3644 ret
182 3580 418 3661 corporaliter,
430 3581 504 3662 ipse
522 3589 603 3644 tunc
618 3581 690 3660 regi
709 3581 921 3643 Francorum
938 3587 1064 3643 terram

117 3678 308 3743 Britanniae
330 3686 438 3743 totam
454 3698 532 3743 cnm
556 3678 708 3742 castellis
734 3684 769 3740 et
791 3678 933 3740 urbibus
953 3697 997 3740 ex
1015 3679 1064 3739 in·

115 3786 215 3859 tegro
231 3777 432 3859 resignaret.
474 3777 623 3858 'l'reugis
638 3784 753 3840 autem
770 3777 806 3838 in
820 3775 911 3839 hunc
925 3776 1063 3838 modum

113 3876 338 3952 confirmatis,
361 3896 475 3940 comes
504 3877 696 3940 Britanniae
722 3875 848 3939 milites
874 3874 965 3955 regis
990 3872 1064 3937 An-

151 4073 243 4123 ¹Mirit
259 4076 343 4123 comiti
360 4069 521 4140 Britannia]
549 4075 578 4122 ln
603 4075 653 4122 niae
674 4073 794 4134 romanor
813 4072 889 4121 dated
906 4073 948 4121 tho
964 4073 1024 4122 aoth
1040 4074 1070 4122 oi

117 4146 220 4206 llynrcr,
242 4146 260 4194 i.
283 4160 308 4205 p.
327 4149 385 4205 211,
399 4160 447 4206 seq.
465 4159 507 4191 arc
528 4150 579 4191 two
605 4144 679 4204 April
690 4144 738 4192 aud
753 4143 810 4192 ioth
823 4142 851 4190 ol*
861 4142 932 4202 May.

115 4214 255 4274 writs,⁸de
268 4214 365 4262 auxilio
377 4214 461 4262 comiti
479 4213 580 4261 Britan·
