2978 4996
55 617 111 658 Μ).
122 619 178 657 12³³.

218 435 285 502 288
475 449 610 498 uocum
634 448 682 497 nn
704 446 913 497 wsunovra

219 605 286 668 lius
305 603 420 682 simul,
438 623 542 687 qnam
561 605 726 688 separati,
744 603 826 687 jura
847 611 968 669 nostra
990 608 1171 688 perquira-

56 668 198 766 md'th·
220 723 296 767 mus
315 712 350 768 et
365 703 597 779 defendamus,
624 722 648 767 a
660 704 786 786 quibus
806 703 936 786 injuste
952 705 1082 786 privati
1110 725 1170 770 su·

220 822 297 865 mus
320 804 404 867 etin
426 811 526 885 parte
548 820 676 883 magna
701 801 866 883 spoliati?
928 802 1019 867 Item
1042 823 1172 887 propo-

221 910 309 965 nunt
336 902 524 966 consiliarii
553 900 657 983 regis,
687 900 779 982 quod
810 920 879 965 non
905 901 1009 965 debet
1032 901 1170 968 Mares-

220 1000 331 1063 callus
354 1000 524 1063 confidere
551 998 594 1062 de
617 998 863 1063 confoederatis
888 1000 973 1078 suis,
999 1001 1082 1082 quia
1104 1022 1169 1067 rex

220 1099 294 1161 sine
319 1099 435 1179 aliquo
457 1097 637 1180 dispendio
662 1108 765 1161 terrae
792 1116 866 1161 suae
888 1100 1018 1180 poterit
1036 1099 1169 1165 confoe·

220 1195 358 1260 deratos
381 1196 581 1261 Marescalli
604 1196 649 1259 ab
675 1196 828 1259 amicitia
851 1214 917 1258 sna
942 1216 1020 1260 cum
1046 1199 1169 1264 volue-

221 1295 267 1358 rit
289 1313 462 1376 separare.
514 1293 569 1358 Ad
593 1293 658 1358 hoc
680 1295 763 1358 dicit
782 1293 1022 1374 Marescallus,
1046 1298 1168 1379 ‘quod

221 1412 326 1474 super
355 1391 421 1457 hoc
450 1412 520 1456 non
551 1392 714 1469 dubitat3
747 1392 807 1456 sed
841 1412 886 1457 ex
920 1393 986 1458 hoc
1016 1398 1169 1461 maxime

220 1498 366 1573 apparet
387 1490 553 1573 iniquitas
586 1491 859 1555 consiliariorum
891 1510 1046 1571 suorum,
1071 1496 1166 1576 quod

220 1588 338 1671 aliquo
363 1589 465 1653 modo
488 1589 642 1653 facerent
667 1609 782 1671 regem
808 1589 1023 1672 dispendium
1049 1595 1167 1658 subire

220 1706 304 1769 erga
336 1707 408 1765 eos,
434 1707 521 1770 quos
551 1688 747 1770 specialiter
768 1696 896 1753 vocant
917 1691 1087 1772 capitales
1111 1694 1166 1757 in·

220 1787 350 1865 imicos,
375 1787 412 1850 in
436 1806 547 1851 meam
571 1785 747 1870 injuriam,
770 1787 830 1870 qni
855 1807 991 1870 semper
1013 1789 1063 1854 fui
1088 1792 1166 1876 ejus

220 1885 341 1962 fidelis,
363 1906 543 1969 quousque
562 1905 624 1968 per
643 1885 757 1968 ipsum
776 1893 979 1965 remaneret,
1000 1895 1038 1951 et
1053 1888 1167 1954 adhuc

220 2004 343 2062 essem,
364 1987 394 2048 si
410 1985 515 2050 vellet
532 1984 615 2048 mihi
637 1992 674 2048 et
693 1985 779 2048 meis
805 1985 925 2049 amicis
945 1986 1086 2050 reddere
1104 1989 1166 2073 jus

220 2083 398 2148 nostrum’
465 2083 555 2148 Item
585 2083 704 2147 dicunt
730 2083 916 2147 consiliarii
946 2104 1040 2168 saepe
1068 2087 1166 2166 dicti,

219 2183 312 2265 quod
335 2201 428 2264 papa
452 2189 488 2245 et
507 2181 654 2245 ecclesia
679 2182 840 2246 Romana
864 2183 1062 2265 specialiter
1086 2185 1167 2250 dili·

219 2286 308 2361 gunt
328 2299 444 2361 regem
460 2287 495 2343 et
511 2299 668 2362 regnum,
683 2289 719 2345 et
733 2282 1079 2347 excommunicabunt
1091 2304 1166 2348 om·

220 2397 281 2440 nes
301 2377 376 2461 ejus
396 2378 633 2459 adversarios;
659 2388 695 2443 et
709 2379 775 2443 hoc
790 2380 927 2444 videtur
938 2381 1014 2465 jam
1029 2401 1107 2447 esse
1127 2384 1165 2448 in

215 2476 346 2560 januis,
362 2477 445 2559 quia
461 2476 536 2560 jam
556 2497 620 2560 pro
636 2477 753 2560 legato
766 2478 944 2543 miserunt.
996 2479 1071 2545 ‘Ad
1088 2482 1166 2560 hoc,

220 2575 312 2658 quod
342 2576 385 2639 de
408 2595 502 2659 papa
525 2584 561 2640 et
582 2576 727 2642 ecclesia
748 2575 908 2641 Romana
926 2576 1065 2658 dicitur,
1089 2582 1166 2664 pla-

220 2681 275 2738 cet
292 2674 398 2752 mihi,'
420 2675 504 2739 dicit
527 2675 768 2753 Marescallus,
791 2676 909 2758 ‘quia,
931 2679 1164 2761 quantoplus

220 2793 335 2856 regem
358 2782 394 2838 et
416 2793 560 2856 regnum
586 2774 745 2856 diligunt,
764 2781 863 2838 tanto
886 2775 964 2858 plns
987 2776 1164 2842 desidera·

219 2874 317 2949 bunt,
343 2872 436 2956 quod
466 2891 610 2955 regnum
636 2892 738 2936 suum
764 2880 800 2937 et
822 2873 978 2938 subditos
1003 2894 1087 2940 suos
1110 2897 1165 2942 se·

220 2971 367 3035 cundum
396 2971 569 3055 justitiam
596 2977 795 3054 pertractet.
862 2972 910 3037 Et
931 2972 1045 3055 placet
1069 2975 1165 3052 mihi,

219 3071 311 3152 quod
336 3070 553 3135 adversarios
578 3071 677 3152 regni
705 3072 991 3150 excommunicet,
1010 3074 1094 3155 quia
1114 3075 1166 3140 illi

219 3176 301 3233 sunt
318 3169 378 3251 qui
397 3177 518 3233 contra
536 3168 711 3253 justitiam
730 3169 912 3233 consilium
935 3171 1008 3254 regi
1030 3172 1164 3255 impen-

218 3267 317 3344 dunt,
337 3286 424 3348 quos
447 3286 554 3349 opera
580 3268 826 3349 manifestant;
855 3269 938 3350 quia
962 3269 1105 3353 justitia
1128 3279 1165 3336 et

218 3383 289 3448 pax
315 3365 481 3430 osculatae
508 3374 602 3445 sunt,
623 3375 658 3431 et
679 3373 820 3449 propter
840 3366 918 3445 hoc,
944 3368 1003 3432 nbi
1022 3369 1164 3453 Justitia

217 3466 459 3548 corrumpitur,
487 3484 558 3547 pax
590 3465 747 3529 similiter
772 3465 934 3530 violatur.
1000 3466 1091 3532 Item
1121 3470 1166 3535 de

218 3564 346 3647 legato,
368 3566 482 3647 placet
500 3564 593 3647 quod
608 3563 748 3641 veniat;
778 3565 871 3647 quia,
892 3573 1023 3648 quanto
1046 3567 1165 3650 plures

214 3663 386 3747 justitiam
413 3670 566 3727 nostram
590 3663 772 3740 audierint,
791 3670 890 3728 tanto
913 3664 1018 3730 vilius
1033 3666 1168 3732 'adver-

218 3764 302 3826 sarii
319 3763 469 3847 justitiae
486 3761 749 3826 confundentur.
801 3762 849 3826 Et
866 3782 969 3842 nunc,
984 3764 1067 3829 licet
1084 3786 1166 3848 gra·

219 3863 358 3926 vamina
374 3880 450 3925 mea
467 3861 663 3944 specialiter
681 3862 964 3940 enumeraverim,
977 3863 1069 3928 idem
1089 3865 1168 3932 dico

219 3960 263 4024 de
278 3962 434 4025 omnibus
455 3961 574 4024 amicis
592 3960 676 4024 meis
694 3968 729 4025 et
742 3960 1005 4040 confoederatis3
1030 3963 1075 4028 de
1089 3966 1170 4046 qui-

216 4059 280 4124 bus
311 4062 401 4125 sicut
428 4060 471 4125 de
500 4060 631 4145 meipso
661 4079 865 4145 conqueror,
888 4067 924 4127 et
944 4061 1019 4125 sine
1040 4064 1170 4148 quibus
