2978 4996
472 448 612 497 reeens
636 448 907 498 msronrnauu.
1095 432 1160 496 221

211 607 348 671 modica
367 627 472 670 manu
495 608 649 684 militari,
671 608 737 689 ipsi
764 607 807 671 ad
836 626 918 671 suas
941 629 1035 672 more
1058 609 1161 673 solito
1174 616 1229 656 Α-ὓ-
1241 617 1295 656 ¹²³¹·

211 714 294 770 sunt
311 709 440 770 reversi
465 726 643 771 cavernas,
697 707 777 770 Rex
802 714 916 770 autern
940 716 1057 789 partes
1080 727 1159 772 aus·

211 806 317 870 trales
345 814 504 887 repetens
530 806 658 869 dimisit
683 807 718 868 in
746 807 902 888 partibus
926 807 995 869 illis
1023 806 1161 871 Huber-

213 913 298 981 tum,
316 905 549 988 justiciarium
574 907 683 986 regni,
709 906 753 967 ad
778 906 1031 987 reprimendum
1052 908 1160 988 impe-

213 1011 269 1066 tus
300 1004 507 1083 eorundem3
539 1004 599 1066 sed
631 1003 692 1079 illi,
724 1005 886 1067 continuo
917 1013 955 1068 ut
979 1007 1161 1070 audierant

213 1122 385 1166 recessum
401 1104 502 1185 regis
517 1103 561 1165 ad
579 1103 801 1184 praedandum
819 1105 960 1180 reversi,
972 1125 1040 1168 non
1057 1105 1161 1186 longe

214 1210 375 1265 acastre
402 1200 708 1266 Montis-Gomerii
734 1203 931 1284 provincias
957 1205 1160 1268 infestantes

213 1303 336 1366 saevire
365 1309 556 1383 coeperunt.
609 1301 675 1363 Sed
705 1321 780 1364 cum
815 1301 955 1378 milites,
979 1303 1038 1384 qui
1062 1313 1161 1368 erant

212 1400 247 1463 in
275 1401 436 1482 praesidio
464 1400 568 1464 castri
593 1401 784 1477 memorati,
811 1399 875 1464 boc
903 1403 1161 1483 cognovissent,

214 1518 256 1561 ne
277 1507 348 1562 tam
371 1501 476 1562 libere
497 1500 571 1562 sine
594 1499 781 1563 offensione
804 1500 1046 1578 discurrerent,
1067 1504 1161 1566 exie-

213 1606 295 1661 runt
322 1598 366 1661 ad
396 1599 553 1680 praelium
580 1606 701 1662 contra
732 1599 838 1681 ipsos,
868 1608 903 1662 et
927 1601 1019 1663 viam
1044 1621 1159 1665 rever-

213 1697 307 1760 tendi
335 1698 588 1779 praecludentes
620 1697 747 1760 multos
779 1718 823 1760 ex
856 1698 906 1761 eis
933 1708 1097 1782 ceperunt
1125 1709 1160 1764 et

214 1796 380 1878 plurimos
405 1805 644 1878 peremerunt3
669 1816 815 1878 cumque
838 1798 929 1874 illos,
953 1817 1041 1879 quos
1059 1799 1159 1863 vivos

212 1903 387 1976 ceperant,
399 1896 595 1978 justiciario
618 1903 898 1977 praesentassent,
915 1896 1023 1978 jussit
1042 1918 1160 1962 omnes

213 1994 402 2077 decapitari
442 2003 477 2058 et
510 1996 582 2075 regi
619 1994 812 2075 Anglorum
856 1996 973 2076 capita
1008 2015 1160 2076 praesen·

214 2095 291 2157 tari.
374 2093 476 2172 Quod
510 2093 639 2157 sactum
674 2094 838 2156 Loelinus
876 2095 977 2157 nimis
1015 2095 1159 2159 moleste

213 2191 324 2256 serens
356 2193 497 2273 collegit
532 2193 722 2256 exercitum
754 2193 944 2276 copiosum,
982 2202 1017 2258 et
1048 2201 1157 2257 terras

211 2293 392 2368 baronum,
412 2292 471 2373 qui
486 2293 520 2354 in
537 2292 642 2355 limbo
657 2291 797 2355 Walliae
819 2292 1003 2374 degebant,
1027 2301 1061 2357 et
1081 2313 1159 2375 pos·

213 2392 384 2456 sessiones
410 2392 508 2472 gravi
535 2391 803 2473 depopulatione
827 2393 1003 2468 contrivit,
1026 2400 1073 2468 et,
1096 2413 1158 2457 nec

213 2490 366 2554 ecclesiis
400 2509 511 2571 neque
543 2491 699 2571 personis
732 2491 973 2554 ecclesiasticis
1002 2511 1158 2573 parcens,

213 2597 389 2653 matronas
405 2590 573 2670 quasdam
596 2589 727 2651 nobiles
746 2597 781 2653 et
798 2590 944 2671 puellas,
959 2610 1037 2671 quae
1054 2610 1161 2653 causa

211 2689 307 2770 pacis
338 2695 374 2751 et
403 2688 526 2751 salutis
554 2688 597 2750 ad
630 2687 792 2751 ecclesias
818 2688 1057 2769 confugerant,
1081 2708 1158 2751 cum

211 2788 296 2870 ipsis
311 2787 465 2851 ecclesiis
481 2788 722 2852 concremavit.

285 2961 374 3041 Quod
387 2984 452 3040 rea,
467 2963 593 3027 Laeliae
608 2962 875 3039 aecorareuaicato,
892 2962 927 3026 in
944 2958 1092 3023 Wolliom

516 3063 680 3126 exercitam
696 3062 852 3125 conducit.

262 3184 418 3268 Cumque
447 3188 511 3250 boc
541 3206 680 3250 enorme
707 3187 835 3250 facturn
866 3185 908 3248 ad
942 3203 1042 3247 aures
1068 3184 1247 3265 regisflenrv

1172 3251 1267 3288 marchen

213 3287 437 3368 pervenisset,
467 3280 623 3368 ¹collegit
648 3286 737 3367 apud
766 3285 939 3348 Oxoniam
969 3285 1158 3347 exercitum
1171 3300 1255 3388 supp

210 3385 388 3467 copiosum
411 3387 514 3449 tertio
542 3386 620 3448 idus
642 3385 742 3460 Julii,
775 3386 832 3447 ubi
859 3404 936 3447 cum
960 3390 1035 3446 tota
1064 3385 1159 3446 nobi·
1171 3350 1208 3389 Le
1256 3358 1292 3396 ”¹

210 3482 291 3546 litas
308 3482 459 3565 Angliae,
479 3494 549 3547 tarn
571 3485 652 3548 cleri
672 3503 776 3565 quam
799 3483 930 3565 populi,
947 3489 1160 3562 congregata

210 3580 344 3659 suisset,
371 3585 523 3666 episcopi
554 3602 674 3646 omnes
699 3590 735 3646 et
761 3583 982 3646 ecclesiarum
1013 3580 1160 3661 praelati,

210 3691 381 3762 praesente
412 3703 504 3764 rege,
535 3683 713 3746 Loelinum
745 3701 822 3744 cum
852 3680 924 3743 suis
954 3677 1160 3755 fautoribus,

211 3781 270 3861 qui
296 3782 459 3845 ecclesias
484 3789 756 3856 concremarent,
779 3779 997 3843 anathemate
1020 3795 1160 3858 percus·

244 3955 253 3987 ¹
267 3959 373 4021 Collegit
386 3993 392 4008 .
406 3995 412 4007 .
427 3995 433 4008 .
444 3959 579 4007 exercitum
589 3958 667 4020 copio-
700 3971 758 4004 sure
769 3960 795 4003 to
806 3955 873 4004 them
890 3953 954 4002 such
971 3953 1044 4002 lends
1061 3968 1090 4002 as
1100 3954 1160 4015 they

208 4028 282 4091 aaa]
304 4028 358 4077 The
381 4028 444 4090 king
466 4028 520 4077 also
542 4026 628 4076 issued
652 4042 668 4076 a
701 4024 1161 4087 mightbeabletoecquire3Rymer,

209 4098 389 4157 proclamation
400 4099 507 4159 inviting
516 4099 558 4145 the
569 4096 669 4145 lrishto
700 4096 718 4145 i.
730 4111 756 4156 p.
769 4098 826 4145 2⁰0.

209 4166 300 4215 invade
317 4168 413 4229 wales,
432 4169 570 4229 promising
587 4171 612 4214 to
628 4181 666 4215 as·
