2978 4996
413 457 552 505 anonas
575 458 846 508 ursnoamnunr.
1065 448 1109 511 27

390 689 440 754 Do
455 696 550 754 morte
564 688 742 754 Innocentii
751 711 858 776 popo.

198 811 330 876 Eodem
351 831 443 877 anno
466 832 560 895 papa
581 813 820 892 Innocentius,
843 822 1028 897 postquam
1051 834 1106 879 so·
1120 831 1244 922 332.qu

154 912 261 976 disset
298 911 399 975 annis
437 912 642 990 octodecim,
678 914 852 978 mensibus
887 914 1038 996 quinque
1072 924 1107 979 et
1120 894 1271 973 unmiuu.

153 1012 289 1075 diebus
303 1018 465 1094 quatuor,
494 1011 626 1077 decimo
659 1013 807 1094 septimo
840 1012 1007 1077 kalendas
1029 1011 1106 1077 Au·

154 1111 248 1193 gusti
271 1108 431 1175 humanae
453 1117 588 1174 naturae
612 1111 766 1175 debitum
789 1111 920 1191 solvit3
949 1112 1005 1175 oui
1028 1131 1107 1176 suc·

154 1209 278 1274 cedens
302 1209 493 1286 Honorius,
516 1211 576 1292 qui
600 1201 760 1274 ¹Cincius
787 1217 892 1275 antea
916 1211 1106 1288 dicebatur,

156 1309 246 1373 sedit
266 1309 303 1371 in
327 1309 492 1373 cathedra
520 1309 682 1373 Romana
705 1311 805 1374 annis
828 1311 958 1388 decem,
980 1311 1106 1374 mensi-

155 1409 219 1499 bus
239 1415 371 1491 septem
388 1415 424 1473 et
439 1409 560 1473 diebus
577 1409 814 1475 novendecim.

233 1576 275 1642 Ut
285 1577 467 1644 Lodowiora
479 1556 526 1644 od
533 1587 660 1664 patrem
674 1600 763 1644 soora
772 1589 904 1667 propter
918 1580 1032 1646 militas

563 1679 692 1743 miserit.

199 1800 329 1867 Eodem
344 1807 498 1883 tempore
513 1800 720 1867 Lodowicus
736 1802 780 1865 de
796 1800 998 1879 infortunio,
1012 1805 1103 1886 quod
1117 1824 1209 1864 sareu

155 1899 221 1963 sibi
250 1901 342 1983 apud
378 1899 594 1964 Lincolniam
626 1901 809 1978 acciderat,
846 1902 1030 1983 prolapsus
1067 1873 1218 1966 ini‘il'in

155 1999 442 2082 desperationem,
462 2019 505 2064 ne
529 2000 744 2082 propositum
764 2018 864 2062 suum
882 2000 925 2062 ad
946 2000 1104 2064 effectum
1117 1972 1223 2024 hm

153 2099 369 2180 perduceret,
391 2099 567 2180 exquisito
586 2118 670 2161 usus
692 2098 836 2162 consilio
857 2098 997 2162 nuntios
1023 2118 1105 2163 suos

155 2197 198 2260 ad
215 2206 351 2280 patrem
367 2217 469 2262 suum
484 2204 519 2261 et
534 2217 678 2262 uxorem
695 2217 793 2261 suam
809 2198 983 2261 dominam
999 2198 1107 2261 Blan-

155 2315 231 2359 cam
257 2297 459 2373 destinavit,
487 2316 683 2379 proponens
707 2298 757 2360 eis
780 2297 909 2361 damna
933 2298 1105 2380 irrepara-

156 2395 249 2471 bilia,
278 2416 357 2478 quae
389 2397 455 2459 sibi
489 2395 582 2478 apud
615 2395 831 2460 Lincolniam
860 2405 895 2460 et
918 2398 1105 2461 baronibus

156 2492 297 2576 Angliae
329 2496 561 2576 contigerant,
591 2515 670 2577 quar
700 2496 813 2576 magis
845 2514 866 2558 a
894 2496 971 2560 Deo
1000 2516 1104 2578 quam

157 2591 350 2681 hominibus
383 2594 449 2658 sibi
484 2593 595 2658 doluit
627 2595 810 2675 irrogata3
856 2614 919 2657 rex
957 2614 1106 2679 namque

156 2690 350 2773 Anglorum
387 2693 474 2757 adeo
500 2693 576 2776 jam
609 2693 769 2769 invaluit,
801 2692 892 2775 quod
930 2692 967 2756 in
999 2713 1105 2757 manu

156 2800 292 2856 armata
312 2811 431 2856 ornnes
451 2792 648 2874 provincias
668 2792 760 2854 circa
782 2793 900 2854 urbem
926 2790 1104 2854 Londoni-

156 2909 254 2953 arum
276 2890 491 2973 perlustrans
514 2891 646 2954 exitum
666 2890 819 2952 civitatis
842 2889 1018 2971 praedictae
1040 2889 1106 2954 sibi

156 2996 193 3052 et
213 2991 286 3052 suis
311 2991 535 3073 complicibus
555 2990 630 3073 jam
658 2988 847 3071 praeclusit.
900 2987 1107 3053 ‘Deficiunt

157 3085 347 3169 praeterea,’
367 3090 429 3167 ait,
452 3089 580 3152 ‘nobis
603 3097 638 3152 et
657 3088 786 3151 nostris
815 3089 851 3151 in
881 3089 965 3152 urbe
992 3088 1108 3152 omnia

158 3186 360 3251 victualium
383 3207 524 3270 genera,
547 3206 626 3269 quae
649 3188 753 3251 etiam
777 3187 807 3251 si
836 3188 1052 3251 abundarent
1070 3188 1106 3251 in

155 3285 311 3363 civitate,
334 3306 403 3350 non
426 3288 592 3350 habemus
617 3286 708 3350 unde
727 3286 788 3351 illa
813 3304 989 3365 emamus;
1018 3306 1106 3368 quo·

156 3384 249 3449 circa
268 3386 367 3451 vobis
387 3386 557 3467 significo,
573 3384 666 3467 quod
687 3404 749 3448 nec
773 3384 883 3451 habeo
905 3386 1106 3450 facultatem

156 3484 350 3562 resistendi,
383 3504 447 3550 nec
477 3487 520 3549 ab
543 3483 675 3564 Anglia
703 3485 896 3563 recedendi,
925 3486 993 3549 nisi
1022 3485 1106 3549 mihi

156 3582 369 3663 provideatis
385 3591 545 3665 potenter
560 3583 596 3647 in
612 3584 766 3647 subsidio
784 3583 949 3647 militari.'
1002 3581 1107 3646 Cum-

156 3699 223 3762 que
246 3682 288 3746 ad
309 3689 444 3765 patrem
466 3684 510 3747 de
529 3683 600 3746 filio
623 3683 720 3746 etad
744 3702 887 3748 uxorem
913 3680 957 3744 do
981 3681 1105 3747 marito

157 3779 242 3844 talia
265 3781 517 3862 pervenissent,
538 3781 722 3847 doluerunt
740 3781 842 3845 valde
862 3781 961 3844 illum
984 3780 1021 3843 in
1043 3779 1106 3843 tali

154 3880 302 3944 articulo
317 3900 393 3945 esso
409 3882 657 3959 constitutum
678 3888 713 3944 et
730 3880 893 3961 quoniam
910 3899 973 3942 rex
988 3878 1106 3943 timuit

155 3976 227 4042 filio
247 3983 547 4046 excommunicato
570 3998 670 4062 opem
693 3978 794 4055 serre,
816 3979 913 4043 velut
937 3979 996 4059 qui
1016 3978 1105 4041 mul·

190 4151 347 4218 'Cincian
384 4155 480 4206 Ceucio
508 4156 612 4220 savelli,
635 4152 785 4205 afterwards
813 4153 944 4206 Honorius
971 4154 1024 4206 111.
1036 4171 1045 4217 ;
1074 4155 1106 4204 he

152 4224 212 4274 died
224 4225 250 4272 in
262 4225 352 4274 March
367 4229 438 4275 1227.
