2978 4996
384 441 523 490 anonas
546 442 816 492 ursroamnuu.
1008 430 1074 494 215
1112 398 1119 412 ο

120 600 201 662 liter
219 598 471 664 Normanniam
494 601 650 678 intraret,
669 603 733 665 sub
750 622 812 685 spe
831 610 926 667 certa
944 612 1069 666 terram
1084 616 1139 655 ev·
1151 617 1206 655 1²³⁰·

122 699 358 782 subjugandi3
390 720 534 782 quorum
567 721 629 764 rex
656 702 809 765 consiliis
838 703 984 765 libenter
1007 703 1068 765 ad·

122 797 327 879 quiesceret,
350 800 411 862 sed
437 798 619 863 Hubertns
643 800 686 863 de
709 802 829 881 Burgo
849 801 882 863 id
908 801 982 864 fieri
1000 821 1069 863 non

122 899 292 978 permisit,
309 898 440 975 diceus,
455 899 687 980 periculosum
699 899 772 963 fore
792 899 856 963 hoc
873 900 984 962 modis
998 920 1070 962 om-

123 997 224 1060 nibus
242 1004 461 1079 attemptare.
508 997 612 1076 Quod
634 999 815 1062 audientes
836 999 963 1061 milites
983 1019 1069 1080 pree·

123 1094 206 1158 dicti
231 1097 499 1178 postulaverunt
519 1117 635 1178 regem
661 1099 877 1180 propensius,
900 1106 939 1161 ut
960 1098 1072 1177 assig-

124 1202 223 1258 naret
241 1196 292 1258 eis
311 1195 478 1259 ducentos
501 1196 627 1259 milites
649 1197 691 1259 de
717 1199 872 1260 exercitu
895 1215 971 1272 suo,
993 1216 1071 1259 cum

123 1294 249 1374 quibus
273 1293 523 1358 Normanniam
548 1296 729 1372 intrarent,
753 1296 951 1360 certissimis
967 1297 999 1358 ei
1017 1315 1073 1358 as-

123 1392 332 1456 sertionibus
347 1395 602 1475 promittentes,
613 1395 705 1477 quod
722 1415 822 1458 omne
840 1414 948 1476 genus
965 1395 1072 1457 Fran·

123 1509 241 1554 corum
264 1492 307 1556 de
328 1492 545 1556 Normannia
566 1495 811 1572 exturbarent;
830 1513 892 1557 nec
916 1495 1019 1558 etiam
1037 1494 1072 1556 id

124 1590 198 1652 fieri
235 1593 391 1672 permisit
426 1591 607 1655 Hubertns
642 1591 869 1675 justiciarius,
903 1612 1073 1669 asserens,

125 1689 198 1770 regi
229 1709 299 1754 non
327 1691 489 1772 expedire
514 1699 554 1755 ut
579 1692 730 1755 traderet
758 1693 884 1755 milites
919 1713 1000 1755 suos
1029 1691 1072 1755 ad

125 1796 269 1853 mortem
295 1788 456 1854 ultronea
475 1791 666 1854 voluntate.
719 1790 844 1872 Sicque
866 1790 998 1854 nobiles
1022 1790 1072 1853 illi

126 1887 366 1952 miserabiliter
384 1889 480 1952 illusi
501 1889 652 1967 suerunt,
670 1889 752 1970 quia
773 1909 836 1953 rex
861 1890 1074 1953 Francorum

125 1985 352 2052 incontinenti
374 1988 611 2052 exhaeredavit
630 2008 702 2065 eos,
725 1989 868 2051 castella
889 1996 924 2050 et
947 1987 1073 2063 omnia,

126 2105 204 2167 quae
221 2087 358 2150 illorum
382 2095 493 2164 eraut,
509 2094 670 2168 potenter
691 2088 727 2150 in
745 2107 809 2150 sua
827 2088 909 2171 jura
933 2104 1075 2149 conver-

124 2191 212 2248 tens.

154 2358 245 2434 Quod
257 2379 311 2423 rea
327 2359 502 2445 duplorum
517 2361 553 2424 in
570 2362 723 2425 Gereonio
731 2363 890 2446 profectus
909 2362 1052 2446 lampio

540 2461 664 2544 raserit.

178 2582 234 2657 Et,
259 2582 314 2646 his
335 2581 387 2646 ita
408 2584 529 2664 gestis,
552 2603 615 2647 rex
637 2584 832 2665 Anglorum
855 2605 916 2667 per
937 2584 1075 2647 consili·
1090 2596 1237 2695 ganpntqu

128 2701 186 2744 um
202 2681 355 2745 Huberti
370 2682 413 2745 de
432 2684 563 2764 Burgo,
584 2702 661 2747 cum
680 2685 835 2747 exercitu
855 2702 919 2746 suo
938 2701 981 2745 ex
1002 2683 1076 2745 Bri-
1090 2697 1171 2736 romu.

128 2781 250 2844 tannia
270 2799 331 2865 per
353 2779 593 2863 Andegavlam
616 2783 652 2844 in
675 2781 869 2844 Pictaviam
891 2780 1075 2856 transiens,

128 2879 302 2962 profectus
325 2881 435 2943 estin
457 2880 678 2956 Gasconiam,
702 2881 761 2943 ubi
782 2881 933 2961 acceptis
956 2879 1076 2942 homa·

128 2979 207 3059 giis,
229 2987 264 3042 et
281 2978 422 3059 regione
441 2981 505 3043 sub
523 2981 709 3043 securitate
728 2980 909 3061 disposita,
924 2978 1025 3041 rediit
1040 2977 1077 3040 in

130 3076 337 3154 Pictaviam,
356 3078 415 3140 ubi
432 3078 619 3142 multorum
634 3079 796 3161 homagia
822 3079 986 3159 suscepit.
1033 3077 1075 3139 In

129 3175 195 3239 hac
226 3195 365 3258 qnoque
399 3178 610 3258 equitatione
644 3178 779 3241 obsedit
803 3198 866 3241 rex
903 3176 1077 3240 Mirebelli

128 3282 281 3338 castrum
302 3283 338 3338 et
351 3276 443 3357 cepit
461 3276 626 3340 laudabili
646 3278 776 3341 virtute
794 3276 1000 3359 Anglorum,
1017 3277 1077 3357 qni

129 3372 282 3438 assultus
303 3374 550 3439 audacissimos
567 3376 705 3440 assidue
726 3378 892 3440 iterantes
909 3376 1078 3440 violenter

128 3472 280 3537 inclusos
299 3474 522 3555 subegerunt,
541 3483 576 3538 et
593 3476 791 3539 recedentes
811 3494 929 3538 omues
950 3476 986 3537 in
1002 3475 1077 3538 vin·

130 3571 217 3636 culis
243 3572 476 3637 abduxerunt.
529 3572 609 3637 Hoc
638 3574 746 3655 igitur
772 3584 937 3657 tempore,
962 3591 1078 3635 mense

129 3669 297 3753 Augusti,
320 3671 478 3735 dominus
507 3691 600 3754 papa
627 3672 818 3754 Gregorius
847 3680 881 3735 et
902 3671 1080 3735 Romano-

130 3790 206 3834 rum
224 3770 412 3852 imperator
428 3771 643 3849 Fredericus,
660 3772 891 3835 mediantibus
908 3777 1080 3833 utrorum-

129 3889 197 3952 que
219 3863 395 3934 ¹fidelibus
416 3872 601 3947 staminis,
621 3873 656 3933 in
674 3869 890 3933 concordiam
908 3887 1079 3932 couvene-

165 4022 314 4073 ¹Fidelibue
329 4020 473 4093 staminia]
492 4027 592 4087 Among
618 4031 657 4073 ter
678 4024 707 4072 of
725 4025 768 4072 the
783 4024 905 4072 Teutonis
928 4021 1032 4083 knights
1054 4027 1080 4070 at

130 4094 172 4142 the
195 4094 321 4156 principa}
343 4101 480 4155 promoters
501 4095 530 4144 ot
550 4096 592 4144 the
621 4096 708 4156 Rome,
719 4094 760 4142 the
772 4093 855 4142 dnkes
865 4093 895 4142 of
902 4093 1017 4154 Austris,
1029 4093 1079 4141 Cu-

130 4178 210 4226 peuce
228 4179 296 4213 were
315 4163 358 4211 tlre
385 4165 552 4227 archbisbops
569 4165 597 4212 us
620 4164 782 4226 rintbie,and
796 4163 1080 4226 nioravia,etc.;1³ay-

132 4233 247 4296 Rbeggio
263 4232 312 4283 aad
325 4233 458 4295 salzburg,
468 4235 511 4282 the
528 4249 594 4282 mas-
622 4235 700 4298 oaldi,
711 4235 738 4283 ii.
750 4250 776 4296 p.
788 4237 828 4282 al.
