2978 4996
328 412 332 419 ¹
363 431 430 494 216
527 492 531 500 ,
615 446 748 493 nocam
772 446 819 492 nn
842 445 1049 493 wannovnn

205 620 259 659 Ab.
271 619 328 657 1280.

214 2401 281 2440 Pence

212 2449 329 2490 concluded

213 2549 266 2597 king
275 2550 299 2587 ol

368 610 471 678 runt;
508 603 648 666 veniens
679 604 768 665 enim
800 603 949 666 Romam
981 602 1095 665 dictus
1128 601 1316 683 imperator

369 701 548 765 absolutus
569 709 634 778 est,
657 704 815 766 omnibus
837 702 977 784 adjura
998 701 1131 782 imperii
1154 708 1315 782 spectan-

370 803 463 864 tibus
491 821 536 863 ex
566 802 701 881 integro
730 802 912 864 revocatis
971 800 1206 863 comederunt
1233 820 1315 880 ergo

370 900 473 962 simul
499 919 646 981 maguus
677 901 838 963 sacerdos
868 910 904 962 et
926 901 1098 962 maximus
1129 898 1317 980 imperator

371 1000 406 1061 in
432 998 564 1080 palatio
593 1000 717 1060 summi
746 998 917 1081 pontilicis
951 1018 1011 1079 per
1034 999 1199 1074 triduum,
1231 1017 1315 1078 gan·

371 1099 531 1161 dentibus
554 1097 785 1160 cardinalibus
809 1104 844 1159 et
860 1098 1095 1178 potentatibus
1118 1097 1252 1178 imperii
1275 1097 1316 1159 de

372 1197 556 1260 concordia
584 1204 656 1260 tam
683 1196 866 1277 desperata
896 1205 930 1259 et
955 1204 1026 1258 tam
1054 1197 1169 1259 subito
1196 1195 1316 1259 confir·

371 1303 475 1359 mata.
528 1295 658 1358 Eadem
677 1302 880 1377 tempestate
897 1314 1012 1358 comes
1034 1293 1229 1358 Castrensis
1246 1295 1318 1358 Ra-

374 1394 524 1475 nulphus
556 1395 703 1457 munivit
728 1393 908 1457 castellum
938 1394 1030 1475 apud
1070 1402 1228 1457 sanctum
1255 1394 1317 1457 Jo-

374 1495 520 1556 hannem
545 1493 587 1555 de
614 1494 805 1569 Beverona,
828 1493 918 1574 quod
946 1493 990 1555 ad
1014 1493 1074 1575 jus
1103 1494 1224 1555 uxoris
1246 1513 1318 1557 suae

373 1593 557 1655 comitissae
569 1591 649 1673 jure
674 1591 891 1655 haereditario
911 1593 1117 1673 pertinebat,
1141 1591 1319 1668 militibus,

374 1690 546 1754 alimentis
585 1699 620 1755 et
645 1691 775 1770 armis;
812 1691 1008 1754 reddiderat
1038 1691 1127 1754 enim
1161 1690 1211 1754 illi
1246 1711 1321 1754 cas·

375 1797 465 1852 trum
492 1789 576 1852 illud
604 1809 718 1855 comes
747 1790 938 1853 Britanniae
966 1789 1153 1866 Henricus,
1180 1791 1320 1871 quando

374 1888 630 1954 confoederatus
653 1890 726 1970 regi
744 1888 939 1971 Anglorum
964 1890 1080 1952 omnia
1094 1889 1177 1971 jura
1199 1909 1265 1953 sua
1284 1890 1319 1951 in

375 2007 481 2070 reguo
497 1986 649 2070 Angliae,
667 2008 748 2070 rege
765 1989 985 2064 concedente,
1002 1989 1142 2069 recepit.

440 2159 489 2222 Dc
503 2158 667 2222 encardia
675 2160 772 2242 sacto
793 2159 875 2223 later
891 2181 988 2245 repam
1004 2159 1203 2222 Francorum
1219 2167 1248 2223 et

782 2257 919 2323 barones.

425 2374 529 2444 ¹Circa
555 2380 693 2445 eosdem
719 2382 805 2460 dies,
828 2403 944 2447 mense
970 2383 1176 2466 Septembri,
1198 2402 1322 2446 conve-

213 2499 355 2539 hamus
375 2488 500 2544 nerunt
518 2481 562 2543 ad
585 2479 794 2562 colloquium
817 2502 879 2546 rex
903 2483 1116 2546 Francorum
1133 2489 1168 2545 et
1184 2475 1320 2563 ¹regina

215 2596 344 2637 rnna-nr
375 2588 485 2644 mater
517 2580 593 2663 ejus
627 2599 704 2641 cum
739 2583 960 2662 magnatibus
995 2581 1089 2644 illius
1122 2581 1232 2661 regni,
1262 2581 1319 2662 qui

214 2648 247 2688 hh
256 2649 339 2687 burana

376 2687 613 2761 postmortem
636 2679 811 2743 Lodowici
831 2681 923 2761 regis
946 2699 1106 2760 guerram
1132 2679 1323 2743 habuerant

376 2779 419 2841 ad
444 2779 603 2854 invicem,
629 2785 668 2841 ut
685 2785 739 2841 est
759 2781 918 2860 superius
938 2779 1080 2855 dictum,
1096 2779 1155 2840 ubi
1173 2778 1215 2840 de
1238 2793 1322 2859 pace

376 2885 566 2941 tractantes
588 2877 692 2939 talem
717 2878 934 2942 concordiam
958 2878 1206 2954 firmavemnt3
1240 2876 1323 2940 Pro·

377 2978 488 3039 visum
511 2984 565 3039 est
582 2984 696 3039 autem
720 2977 946 3040 communiter
968 2996 990 3039 a
1012 2976 1212 3059 proceribus
1236 2994 1323 3057 prae-

377 3074 469 3151 satia,
498 3081 537 3136 ut
558 3094 672 3137 comes
697 3074 970 3156 Campauiensis,
988 3076 1047 3158 qui
1069 3075 1172 3157 hujus
1196 3075 1322 3139 discor·

377 3173 443 3235 diae
463 3192 569 3235 causa
592 3173 792 3255 principalis
813 3176 1009 3251 exstiterat,
1034 3193 1136 3237 cruce
1165 3173 1324 3256 signatus

378 3271 688 3352 peregrinationem
719 3280 819 3336 terrae
850 3281 981 3337 sauctae
1007 3274 1138 3336 subiret
1161 3273 1205 3335 ad
1236 3273 1323 3336 mili·

379 3370 519 3432 tandum
556 3370 680 3433 ibidcm
721 3392 798 3435 cum
833 3381 969 3436 centum
1005 3373 1170 3435 militibus
1204 3380 1325 3437 contra

378 3469 534 3532 inimicos
563 3469 753 3550 Crucifixi3
785 3478 819 3534 ct
835 3480 1002 3552 practerea
1025 3491 1086 3534 rex
1112 3471 1324 3536 Francorum

379 3575 412 3631 et
431 3577 541 3631 mater
563 3569 650 3652 cjuS,
669 3571 772 3633 tactis
794 3571 1024 3635 sacrosanctis
1046 3569 1247 3651 evangeliis
1267 3571 1325 3653 ju-

378 3676 553 3744 raverunt,
579 3669 671 3749 quod
698 3669 843 3751 singulis
872 3671 1053 3733 redderent
1072 3670 1155 3752 jura
1185 3688 1262 3745 sua,
1291 3675 1326 3732 et

414 3872 533 3937 ¹Regiao
559 3880 638 3923 crater
658 3871 746 3943 eiua]
786 3877 840 3926 The
865 3877 1042 3938 incompatible
1058 3877 1120 3925 with
1138 3876 1181 3925 the
1200 3876 1327 3927 disorderr

379 3945 476 3994 French
509 3945 644 3994 historiam
676 3946 767 3994 delond
798 3947 839 3994 the
865 3947 893 3995 of
908 3947 991 3994 which
1009 3947 1053 3994 she
1071 3946 1117 3995 has
1135 3948 1199 3995 been
1218 3945 1326 3995 accuoed

379 4015 568 4074 queen-mother
576 4016 675 4076 against
684 4016 726 4064 the
734 4016 840 4078 charges
866 4017 898 4076 by
910 4031 957 4064 our
970 4016 1109 4076 historiam
1126 4031 1168 4066 see
1184 4016 1273 4077 above,
1285 4030 1327 4076 pp.

379 4084 408 4131 of
417 4084 567 4145 Wandover,
578 4099 607 4133 as
624 4085 698 4147 being
715 4101 731 4133 a
743 4101 840 4134 woman
867 4091 923 4149 135,
934 4101 997 4149 seqq.

379 4152 407 4200 of
416 4153 479 4200 surh
491 4153 574 4202 habite
585 4168 614 4202 aa
624 4169 690 4203 were
702 4155 843 4217 altogether

654 4384 661 4415 l
