2978 4996
264 641 320 681 Μ).
331 642 386 678 1232.

265 691 318 729 ert
328 694 359 729 lor

263 741 373 787 collection

265 791 301 829 tne
311 797 347 829 tu
357 800 384 827 on

265 840 393 879 moveantar.

424 451 489 515 254
680 462 814 511 nouam
839 462 885 508 nn
908 461 1117 510 wnnuovna

427 623 468 686 de
485 623 639 697 Thaneo,
655 622 832 687 Willelmo
848 621 892 686 de
910 621 1129 686 Culeworthe
1147 629 1183 685 et
1199 622 1290 686 Adae
1306 622 1378 687 filio

426 722 605 798 Willelmi,
631 722 872 786 collectoribus
901 722 1186 804 quadragesim,
1215 723 1377 787 salutern.

427 822 565 899 Sciatis,
597 822 689 904 quod
725 822 987 904 archiepiscopi,
1020 821 1186 903 episcopi,
1220 823 1378 900 abbatae,

425 923 559 1004 priores
576 930 611 985 et
628 921 755 996 clerici,
777 929 887 984 terras
910 921 1089 998 habentes,
1104 940 1182 1003 quae
1202 921 1246 983 ad
1269 921 1379 985 ecele-

426 1023 497 1086 sias
520 1041 603 1084 suas
632 1041 700 1084 non
721 1021 906 1102 pertinent,
932 1021 1089 1096 comites,
1110 1022 1269 1097 barones,
1289 1021 1378 1084 mili-

427 1129 491 1200 tes,
519 1121 617 1184 liberi
646 1121 801 1184 homines
827 1127 862 1182 et
883 1120 1004 1183 villani
1037 1119 1079 1181 de
1106 1139 1213 1200 reguo
1242 1128 1376 1197 nostro,

426 1228 671 1285 concesserunt
694 1220 793 1282 nobis
818 1219 854 1281 in
879 1219 1049 1281 auxilium
1072 1218 1375 1300 quadragesimam

427 1327 560 1400 partem
582 1320 734 1382 omnium
758 1318 934 1382 mobilium
954 1338 1094 1381 suorum
1119 1319 1375 1399 apparentium,

426 1420 517 1482 sicut
539 1437 581 1480 ea
613 1416 807 1480 habuerunt
831 1418 868 1480 in
890 1419 1043 1482 crastino
1069 1418 1181 1480 sancti
1211 1416 1375 1481 Matthaei

427 1536 518 1579 anno
542 1517 638 1596 regni
664 1518 772 1579 nostri
796 1516 928 1580 decimo
957 1524 1071 1592 sexto,
1092 1516 1263 1593 videlicet,
1282 1518 1374 1599 quod

428 1615 470 1677 de
495 1616 617 1692 bladis,
633 1615 797 1691 carrucis,
815 1616 950 1691 ovibus,
970 1616 1096 1691 vaccis,
1119 1616 1246 1696 porcis,
1271 1615 1374 1681 hara-

427 1715 502 1791 ciis,
526 1715 624 1796 equis
644 1715 840 1777 carretariis
865 1724 900 1778 et
917 1716 1092 1797 deputatis
1116 1714 1159 1777 ad
1182 1715 1375 1797 wainnagi-

428 1834 485 1877 um
516 1816 551 1878 in
581 1815 755 1888 maneriiS,
787 1814 943 1894 exceptis
972 1815 1081 1890 boniS,
1110 1833 1189 1895 quae
1217 1814 1374 1895 praedicti

427 1915 688 1996 archiepiscopi,
712 1914 864 1995 episcopi
894 1920 929 1975 et
947 1914 1025 1976 aliae
1054 1932 1211 1995 personae
1235 1915 1376 1979 eeclesi-

427 2015 545 2077 asticae
575 2015 702 2076 habent
725 2012 767 2076 de
799 2012 952 2076 ecclesiis
984 2012 1239 2093 parochialibus
1269 2014 1375 2077 etde

427 2113 580 2177 ecclesiis
607 2112 852 2194 praebendatis,
872 2119 907 2175 et
926 2111 1130 2193 praebendis,
1152 2118 1188 2175 et
1205 2113 1307 2175 terris
1329 2114 1373 2176 ad

426 2211 629 2293 praebendas
653 2212 903 2293 pertinentibus
923 2219 958 2274 et
974 2211 1137 2274 ecclesias
1155 2211 1373 2292 parochiales

425 2311 673 2392 spectantibus
728 2309 912 2373 Provisum
937 2317 992 2374 est
1011 2309 1219 2392 generaliter
1242 2329 1265 2373 a
1287 2331 1375 2394 prae.

426 2409 527 2471 dictis
549 2409 706 2471 fidelibus
727 2409 866 2486 uostris,
885 2408 976 2490 quod
997 2410 1164 2491 praedicta
1181 2409 1374 2492 quadrage-

426 2509 514 2570 sima
543 2507 608 2570 hoc
635 2508 737 2571 modo
761 2507 955 2571 assideatur
977 2516 1012 2572 et
1037 2509 1242 2589 colligatur;
1269 2510 1374 2591 quod,

428 2607 598 2683 videlicet,
615 2606 658 2669 de
678 2607 832 2689 qualibet
848 2608 932 2671 villa
945 2609 1081 2688 integra
1098 2608 1273 2689 eligantur
1287 2629 1373 2691 qua·

427 2714 507 2770 tuor
523 2706 566 2770 de
582 2707 780 2770 melioribus
797 2716 832 2771 et
846 2707 1067 2788 legalioribus
1083 2707 1288 2782 hominibus,
1306 2729 1374 2772 uua

426 2826 504 2871 cum
521 2807 716 2889 praepositis
734 2807 945 2888 singularum
963 2807 1134 2883 villarum,
1148 2826 1210 2888 per
1225 2826 1373 2888 quorum

425 2914 678 2971 sacramentum
710 2906 976 2988 quadragesima
1002 2925 1084 2989 pars
1119 2907 1271 2969 omnium
1302 2926 1374 2972 rno-

426 3007 545 3070 bilium
571 3006 813 3089 praedictorum
837 3013 977 3069 taxetur
1004 3013 1037 3069 et
1054 3005 1248 3069 assideatur
1269 3025 1374 3088 super

425 3105 583 3186 singulos
597 3106 633 3168 in
649 3106 835 3188 praesentia
856 3105 1001 3168 militurn
1017 3124 1229 3168 assessorum
1247 3106 1292 3168 ad
1309 3106 1373 3170 hoc

426 3204 704 3282 assignatorum
733 3213 768 3269 ct
784 3212 907 3287 postea
928 3224 989 3285 per
1010 3212 1264 3268 sacramentum
1289 3206 1373 3271 duo-

426 3321 501 3364 rum
519 3303 681 3382 legalium
696 3303 870 3367 hominum
885 3302 1070 3367 earundem
1083 3304 1243 3367 villarum
1259 3305 1374 3387 inqui·

425 3408 523 3463 ratur
543 3408 579 3464 et
594 3402 788 3466 assideatur
802 3403 1067 3485 quadragesima
1089 3403 1241 3466 omnium
1264 3406 1373 3468 mobi-

426 3499 522 3576 lium,
544 3521 622 3582 quae
648 3502 803 3582 praedicti
826 3511 977 3585 quatuor
1001 3502 1155 3566 homines
1179 3509 1215 3566 et
1237 3522 1373 3587 praepo.

426 3600 483 3662 siti
504 3600 652 3676 habent3
676 3610 711 3664 et
726 3600 880 3664 districte
903 3602 1114 3666 inbrevietur
1132 3610 1168 3664 et
1184 3611 1318 3684 aperte,
1332 3604 1374 3666 de

426 3700 526 3782 cujus
546 3699 601 3763 vel
624 3700 667 3762 do
689 3720 833 3781 quorum
859 3702 1002 3764 baronia
1021 3701 1185 3782 quaelibet
1198 3700 1284 3764 villa
1301 3702 1374 3766 fue-

427 3800 471 3862 rit
494 3800 529 3861 in
555 3807 655 3881 parte
672 3799 728 3862 vel
749 3799 785 3862 in
802 3806 888 3863 toto.
942 3798 999 3876 Et,
1015 3808 1198 3882 postquam
1223 3801 1373 3882 quadra·

425 3898 558 3978 gesimo
576 3898 679 3961 suerit
701 3898 812 3961 assisa
836 3899 929 3962 etin
953 3900 1120 3981 scripturn
1145 3900 1300 3977 redacta,
1320 3920 1374 3966 ro·

425 3997 518 4060 tulus
536 3998 689 4084 omniurn
713 3998 958 4079 particularum
983 3998 1025 4061 de
1052 3998 1201 4080 singulis
1218 3999 1313 4062 villis
1338 4008 1374 4065 et

423 4096 570 4178 singulis
590 4098 810 4161 comitatibus
825 4098 989 4161 liberetur
1009 4097 1202 4162 senescallo
1217 4099 1375 4181 singulo-

423 4215 497 4259 rum
517 4198 697 4274 baronum,
715 4198 770 4262 vel
787 4205 962 4262 attornato
980 4197 1089 4280 ipsius
1106 4198 1301 4273 senescalli,
1319 4199 1373 4264 vel
