<?xml version="1.0" encoding="UTF-8"?>
<!DOCTYPE html PUBLIC "-//W3C//DTD XHTML 1.0 Transitional//EN"
    "http://www.w3.org/TR/xhtml1/DTD/xhtml1-transitional.dtd">
<html xmlns="http://www.w3.org/1999/xhtml" xml:lang="en" lang="en">
 <head>
  <title>
</title>
<meta http-equiv="Content-Type" content="text/html;charset=utf-8" />
  <meta name='ocr-system' content='tesseract 3.04.00' />
  <meta name='ocr-capabilities' content='ocr_page ocr_carea ocr_par ocr_line ocrx_word'/>
</head>
<body>
  <div class='ocr_page' id='page_1' title='image "./rogeridewendove02rogegoog_0149.png"; bbox 0 0 2978 4996; ppageno 0'>
   <div class='ocr_carea' id='block_1_1' title="bbox 419 436 1104 500">
    <p class='ocr_par' dir='ltr' id='par_1_1' title="bbox 419 436 1104 500">
     <span class='ocr_line' id='line_1_1' title="bbox 419 436 1104 500; baseline -0.003 0"><span class='ocrx_word' id='word_1_1' title='bbox 419 436 483 500; x_wconf 81' lang='grc'>138</span> <span class='ocrx_word' id='word_1_2' title='bbox 666 451 800 499; x_wconf 83' lang='lat' dir='ltr'>noennr</span> <span class='ocrx_word' id='word_1_3' title='bbox 825 451 873 498; x_wconf 84' lang='lat' dir='ltr'>nn</span> <span class='ocrx_word' id='word_1_4' title='bbox 896 450 1104 499; x_wconf 81' lang='lat' dir='ltr'>wnnoovnn</span> 
     </span>
    </p>
   </div>
   <div class='ocr_carea' id='block_1_2' title="bbox 256 610 1373 2080">
    <p class='ocr_par' dir='ltr' id='par_1_2' title="bbox 256 610 1373 2080">
     <span class='ocr_line' id='line_1_2' title="bbox 256 610 1366 695; baseline -0.004 -19"><span class='ocrx_word' id='word_1_5' title='bbox 256 624 311 664; x_wconf 62' lang='lat' dir='ltr'>ab·</span> <span class='ocrx_word' id='word_1_6' title='bbox 324 625 379 662; x_wconf 78' lang='lat'><strong>¹²²⁰·</strong></span> <span class='ocrx_word' id='word_1_7' title='bbox 418 632 594 695; x_wconf 87' lang='lat' dir='ltr'>expresso,</span> <span class='ocrx_word' id='word_1_8' title='bbox 612 612 705 694; x_wconf 85' lang='lat' dir='ltr'>quod</span> <span class='ocrx_word' id='word_1_9' title='bbox 729 610 859 675; x_wconf 88' lang='lat' dir='ltr'>nullam</span> <span class='ocrx_word' id='word_1_10' title='bbox 881 611 1020 675; x_wconf 90' lang='lat' dir='ltr'>omnino</span> <span class='ocrx_word' id='word_1_11' title='bbox 1045 611 1299 675; x_wconf 85' lang='lat' dir='ltr'>restitutionem</span> <span class='ocrx_word' id='word_1_12' title='bbox 1317 610 1366 673; x_wconf 88' lang='lat' dir='ltr'>la-</span> 
     </span>
     <span class='ocr_line' id='line_1_3' title="bbox 419 709 1368 793; baseline -0.003 -19"><span class='ocrx_word' id='word_1_13' title='bbox 419 719 513 774; x_wconf 88' lang='lat' dir='ltr'>ceret</span> <span class='ocrx_word' id='word_1_14' title='bbox 530 712 746 790; x_wconf 89' lang='lat' dir='ltr'>ablatornm;</span> <span class='ocrx_word' id='word_1_15' title='bbox 776 711 866 774; x_wconf 91' lang='lat' dir='ltr'>unde</span> <span class='ocrx_word' id='word_1_16' title='bbox 887 712 922 774; x_wconf 94' lang='lat' dir='ltr'>in</span> <span class='ocrx_word' id='word_1_17' title='bbox 941 711 1090 775; x_wconf 83' lang='lat' dir='ltr'>evidenti</span> <span class='ocrx_word' id='word_1_18' title='bbox 1115 719 1180 787; x_wconf 91' lang='lat' dir='ltr'>est,</span> <span class='ocrx_word' id='word_1_19' title='bbox 1197 710 1290 793; x_wconf 94' lang='lat' dir='ltr'>quod</span> <span class='ocrx_word' id='word_1_20' title='bbox 1308 709 1368 771; x_wconf 88' lang='lat' dir='ltr'>illa</span> 
     </span>
     <span class='ocr_line' id='line_1_4' title="bbox 418 809 1366 891; baseline 0 -19"><span class='ocrx_word' id='word_1_21' title='bbox 418 811 610 875; x_wconf 81' lang='lat' dir='ltr'><strong>satisfactio</strong></span> <span class='ocrx_word' id='word_1_22' title='bbox 630 811 726 874; x_wconf 94' lang='lat' dir='ltr'>nulla</span> <span class='ocrx_word' id='word_1_23' title='bbox 750 810 827 887; x_wconf 83' lang='lat' dir='ltr'>suit,</span> <span class='ocrx_word' id='word_1_24' title='bbox 853 810 936 891; x_wconf 90' lang='lat' dir='ltr'>quia</span> <span class='ocrx_word' id='word_1_25' title='bbox 961 817 1055 873; x_wconf 90' lang='lat' dir='ltr'>‘non</span> <span class='ocrx_word' id='word_1_26' title='bbox 1077 809 1264 873; x_wconf 84' lang='lat' dir='ltr'>dimittitur</span> <span class='ocrx_word' id='word_1_27' title='bbox 1287 828 1366 891; x_wconf 87' lang='lat' dir='ltr'>pec·</span> 
     </span>
     <span class='ocr_line' id='line_1_5' title="bbox 420 908 1367 991; baseline -0.003 -18"><span class='ocrx_word' id='word_1_28' title='bbox 420 918 535 973; x_wconf 88' lang='lat' dir='ltr'>catum</span> <span class='ocrx_word' id='word_1_29' title='bbox 559 910 623 973; x_wconf 90' lang='lat' dir='ltr'>nisi</span> <span class='ocrx_word' id='word_1_30' title='bbox 645 910 848 973; x_wconf 82' lang='lat' dir='ltr'>restituatur</span> <span class='ocrx_word' id='word_1_31' title='bbox 864 909 1045 973; x_wconf 66' lang='lat' dir='ltr'>ablatum!</span> <span class='ocrx_word' id='word_1_32' title='bbox 1097 908 1264 991; x_wconf 78' lang='lat' dir='ltr'>Lapidem</span> <span class='ocrx_word' id='word_1_33' title='bbox 1282 926 1367 990; x_wconf 89' lang='lat' dir='ltr'>quo·</span> 
     </span>
     <span class='ocr_line' id='line_1_6' title="bbox 419 1007 1366 1091; baseline -0.006 -17"><span class='ocrx_word' id='word_1_34' title='bbox 419 1029 486 1091; x_wconf 86' lang='lat' dir='ltr'>que</span> <span class='ocrx_word' id='word_1_35' title='bbox 504 1029 608 1091; x_wconf 88' lang='lat' dir='ltr'>super</span> <span class='ocrx_word' id='word_1_36' title='bbox 621 1016 728 1091; x_wconf 87' lang='lat' dir='ltr'>caput</span> <span class='ocrx_word' id='word_1_37' title='bbox 743 1028 844 1071; x_wconf 86' lang='lat' dir='ltr'>suum</span> <span class='ocrx_word' id='word_1_38' title='bbox 866 1008 1073 1072; x_wconf 82' lang='lat' dir='ltr'><strong>descendere</strong></span> <span class='ocrx_word' id='word_1_39' title='bbox 1092 1009 1213 1083; x_wconf 87' lang='lat' dir='ltr'>sensit,</span> <span class='ocrx_word' id='word_1_40' title='bbox 1235 1027 1313 1070; x_wconf 91' lang='lat' dir='ltr'>cum</span> <span class='ocrx_word' id='word_1_41' title='bbox 1331 1007 1366 1068; x_wconf 93' lang='lat' dir='ltr'>in</span> 
     </span>
     <span class='ocr_line' id='line_1_7' title="bbox 419 1106 1370 1190; baseline -0.003 -19"><span class='ocrx_word' id='word_1_42' title='bbox 419 1109 516 1174; x_wconf 89' lang='lat' dir='ltr'>brevi</span> <span class='ocrx_word' id='word_1_43' title='bbox 538 1116 690 1190; x_wconf 89' lang='lat' dir='ltr'>tempore</span> <span class='ocrx_word' id='word_1_44' title='bbox 712 1107 873 1189; x_wconf 86' lang='lat' dir='ltr'><strong>deinceps</strong></span> <span class='ocrx_word' id='word_1_45' title='bbox 897 1108 989 1189; x_wconf 92' lang='lat' dir='ltr'>apud</span> <span class='ocrx_word' id='word_1_46' title='bbox 1014 1106 1267 1183; x_wconf 91' lang='lat' dir='ltr'>Bedesordiam,</span> <span class='ocrx_word' id='word_1_47' title='bbox 1290 1112 1370 1187; x_wconf 84' lang='lat' dir='ltr'>post</span> 
     </span>
     <span class='ocr_line' id='line_1_8' title="bbox 420 1205 1368 1291; baseline -0.005 -20"><span class='ocrx_word' id='word_1_48' title='bbox 420 1208 679 1291; x_wconf 86' lang='lat' dir='ltr'>suspensionem</span> <span class='ocrx_word' id='word_1_49' title='bbox 704 1206 849 1270; x_wconf 82' lang='lat' dir='ltr'>fratrum</span> <span class='ocrx_word' id='word_1_50' title='bbox 867 1213 903 1269; x_wconf 90' lang='lat' dir='ltr'>et</span> <span class='ocrx_word' id='word_1_51' title='bbox 920 1207 1109 1270; x_wconf 89' lang='lat' dir='ltr'>amicorum</span> <span class='ocrx_word' id='word_1_52' title='bbox 1124 1224 1279 1281; x_wconf 86' lang='lat' dir='ltr'>snorum,</span> <span class='ocrx_word' id='word_1_53' title='bbox 1294 1205 1368 1286; x_wconf 87' lang='lat' dir='ltr'>ipse</span> 
     </span>
     <span class='ocr_line' id='line_1_9' title="bbox 421 1304 1369 1388; baseline -0.004 -19"><span class='ocrx_word' id='word_1_54' title='bbox 421 1307 556 1369; x_wconf 90' lang='lat' dir='ltr'>demum</span> <span class='ocrx_word' id='word_1_55' title='bbox 593 1325 725 1388; x_wconf 78' lang='lat' dir='ltr'>pauper</span> <span class='ocrx_word' id='word_1_56' title='bbox 761 1305 901 1368; x_wconf 82' lang='lat' dir='ltr'>exilium</span> <span class='ocrx_word' id='word_1_57' title='bbox 930 1305 1038 1370; x_wconf 86' lang='lat' dir='ltr'>subiit</span> <span class='ocrx_word' id='word_1_58' title='bbox 1069 1311 1105 1368; x_wconf 90' lang='lat' dir='ltr'>et</span> <span class='ocrx_word' id='word_1_59' title='bbox 1139 1323 1230 1367; x_wconf 90' lang='lat' dir='ltr'>nunc</span> <span class='ocrx_word' id='word_1_60' title='bbox 1261 1304 1369 1367; x_wconf 86' lang='lat' dir='ltr'>vitam</span> 
     </span>
     <span class='ocr_line' id='line_1_10' title="bbox 422 1402 1369 1468; baseline -0.004 0"><span class='ocrx_word' id='word_1_61' title='bbox 422 1412 530 1468; x_wconf 89' lang='lat' dir='ltr'>morte</span> <span class='ocrx_word' id='word_1_62' title='bbox 547 1405 672 1466; x_wconf 88' lang='lat' dir='ltr'>misera</span> <span class='ocrx_word' id='word_1_63' title='bbox 688 1404 896 1468; x_wconf 86' lang='lat' dir='ltr'>terminavit.</span> <span class='ocrx_word' id='word_1_64' title='bbox 949 1403 1081 1467; x_wconf 92' lang='lat' dir='ltr'>Eodem</span> <span class='ocrx_word' id='word_1_65' title='bbox 1103 1422 1194 1466; x_wconf 91' lang='lat' dir='ltr'>anno</span> <span class='ocrx_word' id='word_1_66' title='bbox 1216 1402 1369 1465; x_wconf 80' lang='lat' dir='ltr'>defuncti</span> 
     </span>
     <span class='ocr_line' id='line_1_11' title="bbox 421 1495 1369 1585; baseline -0.001 -21"><span class='ocrx_word' id='word_1_67' title='bbox 421 1510 502 1566; x_wconf 88' lang='lat' dir='ltr'>sunt</span> <span class='ocrx_word' id='word_1_68' title='bbox 517 1503 683 1585; x_wconf 90' lang='lat' dir='ltr'>episcopi,</span> <span class='ocrx_word' id='word_1_69' title='bbox 705 1501 913 1567; x_wconf 86' lang='lat' dir='ltr'>Benedictus</span> <span class='ocrx_word' id='word_1_70' title='bbox 937 1502 1123 1580; x_wconf 87' lang='lat' dir='ltr'>Roffensis,</span> <span class='ocrx_word' id='word_1_71' title='bbox 1144 1508 1180 1566; x_wconf 91' lang='lat' dir='ltr'>et</span> <span class='ocrx_word' id='word_1_72' title='bbox 1198 1495 1369 1565; x_wconf 84' lang='lat' dir='ltr'>&#39;Pandul·</span> 
     </span>
     <span class='ocr_line' id='line_1_12' title="bbox 422 1600 1370 1684; baseline -0.001 -20"><span class='ocrx_word' id='word_1_73' title='bbox 422 1601 510 1682; x_wconf 87' lang='lat' dir='ltr'>phus</span> <span class='ocrx_word' id='word_1_74' title='bbox 546 1600 580 1664; x_wconf 93' lang='lat' dir='ltr'><strong>N</strong></span> <span class='ocrx_word' id='word_1_75' title='bbox 584 1601 805 1680; x_wconf 83' lang='lat' dir='ltr'>orwicensis3</span> <span class='ocrx_word' id='word_1_76' title='bbox 850 1601 1059 1684; x_wconf 90' lang='lat' dir='ltr'>Pandulpho</span> <span class='ocrx_word' id='word_1_77' title='bbox 1091 1620 1173 1665; x_wconf 85' lang='lat' dir='ltr'>vero</span> <span class='ocrx_word' id='word_1_78' title='bbox 1204 1600 1370 1664; x_wconf 88' lang='lat' dir='ltr'>successit</span> 
     </span>
     <span class='ocr_line' id='line_1_13' title="bbox 423 1699 1372 1778; baseline 0 -16"><span class='ocrx_word' id='word_1_79' title='bbox 423 1699 576 1763; x_wconf 79' lang='lat' dir='ltr'>Thomas</span> <span class='ocrx_word' id='word_1_80' title='bbox 596 1700 639 1764; x_wconf 88' lang='lat' dir='ltr'>de</span> <span class='ocrx_word' id='word_1_81' title='bbox 661 1699 875 1778; x_wconf 86' lang='lat' dir='ltr'>Blundvilla‚</span> <span class='ocrx_word' id='word_1_82' title='bbox 897 1702 1041 1765; x_wconf 90' lang='lat' dir='ltr'>clericus</span> <span class='ocrx_word' id='word_1_83' title='bbox 1059 1700 1103 1765; x_wconf 90' lang='lat' dir='ltr'>de</span> <span class='ocrx_word' id='word_1_84' title='bbox 1126 1700 1301 1764; x_wconf 86' lang='lat' dir='ltr'>scaccario</span> <span class='ocrx_word' id='word_1_85' title='bbox 1321 1718 1372 1762; x_wconf 89' lang='lat' dir='ltr'>re-</span> 
     </span>
     <span class='ocr_line' id='line_1_14' title="bbox 422 1798 1372 1881; baseline 0.001 -20"><span class='ocrx_word' id='word_1_86' title='bbox 422 1799 489 1880; x_wconf 80' lang='lat' dir='ltr'>gis,</span> <span class='ocrx_word' id='word_1_87' title='bbox 506 1799 563 1879; x_wconf 91' lang='lat' dir='ltr'>qui</span> <span class='ocrx_word' id='word_1_88' title='bbox 584 1818 606 1862; x_wconf 95' lang='lat' dir='ltr'>a</span> <span class='ocrx_word' id='word_1_89' title='bbox 627 1798 817 1881; x_wconf 87' lang='lat' dir='ltr'>Stephano,</span> <span class='ocrx_word' id='word_1_90' title='bbox 840 1799 1082 1865; x_wconf 84' lang='lat' dir='ltr'>Cautuariensi</span> <span class='ocrx_word' id='word_1_91' title='bbox 1102 1799 1372 1881; x_wconf 82' lang='lat' dir='ltr'>archiepiscopo,</span> 
     </span>
     <span class='ocr_line' id='line_1_15' title="bbox 424 1897 1373 1980; baseline -0.001 -20"><span class='ocrx_word' id='word_1_92' title='bbox 424 1897 606 1962; x_wconf 91' lang='lat' dir='ltr'>Dominica</span> <span class='ocrx_word' id='word_1_93' title='bbox 625 1899 738 1980; x_wconf 89' lang='lat' dir='ltr'>prima</span> <span class='ocrx_word' id='word_1_94' title='bbox 754 1905 836 1962; x_wconf 88' lang='lat' dir='ltr'>ante</span> <span class='ocrx_word' id='word_1_95' title='bbox 857 1899 1073 1964; x_wconf 83' lang='lat' dir='ltr'>nativitatem</span> <span class='ocrx_word' id='word_1_96' title='bbox 1090 1899 1232 1962; x_wconf 88' lang='lat' dir='ltr'>Domini</span> <span class='ocrx_word' id='word_1_97' title='bbox 1249 1917 1373 1962; x_wconf 87' lang='lat' dir='ltr'>munus</span> 
     </span>
     <span class='ocr_line' id='line_1_16' title="bbox 423 1998 872 2080; baseline 0.004 -20"><span class='ocrx_word' id='word_1_98' title='bbox 423 1999 694 2063; x_wconf 89' lang='lat' dir='ltr'>consecrationis</span> <span class='ocrx_word' id='word_1_99' title='bbox 708 1998 872 2080; x_wconf 87' lang='lat' dir='ltr'>suscepit.</span> 
     </span>
    </p>
   </div>
   <div class='ocr_carea' id='block_1_3' title="bbox 486 2167 1312 2255">
    <p class='ocr_par' dir='ltr' id='par_1_3' title="bbox 486 2167 1312 2255">
     <span class='ocr_line' id='line_1_17' title="bbox 486 2167 1312 2255; baseline -0.002 -22"><span class='ocrx_word' id='word_1_100' title='bbox 486 2169 640 2248; x_wconf 72' lang='lat' dir='ltr'>Quocirca·</span> <span class='ocrx_word' id='word_1_101' title='bbox 654 2169 830 2253; x_wconf 60' lang='lat' dir='ltr'>sinplorum</span> <span class='ocrx_word' id='word_1_102' title='bbox 844 2191 865 2233; x_wconf 82' lang='lat' dir='ltr'>a</span> <span class='ocrx_word' id='word_1_103' title='bbox 880 2169 987 2234; x_wconf 78' lang='lat' dir='ltr'>multis</span> <span class='ocrx_word' id='word_1_104' title='bbox 995 2169 1163 2255; x_wconf 77' lang='lat' dir='ltr'>pecaniam</span> <span class='ocrx_word' id='word_1_105' title='bbox 1178 2167 1312 2233; x_wconf 65' lang='lat' dir='ltr'>aaaron</span> 
     </span>
    </p>
   </div>
   <div class='ocr_carea' id='block_1_4' title="bbox 262 2290 1375 2406">
    <p class='ocr_par' dir='ltr' id='par_1_4' title="bbox 262 2290 1375 2406">
     <span class='ocr_line' id='line_1_18' title="bbox 262 2290 1375 2406; baseline -0.001 -52"><span class='ocrx_word' id='word_1_106' title='bbox 262 2307 412 2406; x_wconf 30' lang='lat' dir='ltr'>proprian*</span> <span class='ocrx_word' id='word_1_107' title='bbox 445 2392 453 2406; x_wconf 27' lang='grc' dir='ltr'>Ο</span> <span class='ocrx_word' id='word_1_108' title='bbox 474 2292 579 2356; x_wconf 86' lang='lat' dir='ltr'>Anno</span> <span class='ocrx_word' id='word_1_109' title='bbox 603 2293 743 2355; x_wconf 91' lang='lat' dir='ltr'>Domini</span> <span class='ocrx_word' id='word_1_110' title='bbox 769 2308 966 2356; x_wconf 84' lang='lat' dir='ltr'>nocxxvu.</span> <span class='ocrx_word' id='word_1_111' title='bbox 985 2312 1047 2355; x_wconf 90' lang='lat' dir='ltr'>rex</span> <span class='ocrx_word' id='word_1_112' title='bbox 1063 2291 1258 2372; x_wconf 79' lang='lat' dir='ltr'>Anglorum</span> <span class='ocrx_word' id='word_1_113' title='bbox 1277 2290 1375 2355; x_wconf 84' lang='lat' dir='ltr'>Hen-</span> 
     </span>
    </p>
   </div>
   <div class='ocr_carea' id='block_1_5' title="bbox 262 2389 1375 2472">
    <p class='ocr_par' dir='ltr' id='par_1_5' title="bbox 262 2389 1375 2472">
     <span class='ocr_line' id='line_1_19' title="bbox 262 2389 1375 2472; baseline -0.002 -18"><span class='ocrx_word' id='word_1_114' title='bbox 262 2414 315 2447; x_wconf 77' lang='lat' dir='ltr'>toru</span> <span class='ocrx_word' id='word_1_115' title='bbox 328 2417 403 2455; x_wconf 76' lang='lat' dir='ltr'>muner</span> <span class='ocrx_word' id='word_1_116' title='bbox 427 2410 519 2454; x_wconf 88' lang='lat' dir='ltr'>neus</span> <span class='ocrx_word' id='word_1_117' title='bbox 542 2392 584 2454; x_wconf 92' lang='lat' dir='ltr'>ad</span> <span class='ocrx_word' id='word_1_118' title='bbox 613 2391 730 2454; x_wconf 86' lang='lat' dir='ltr'>natale</span> <span class='ocrx_word' id='word_1_119' title='bbox 754 2391 895 2455; x_wconf 89' lang='lat' dir='ltr'>Domini</span> <span class='ocrx_word' id='word_1_120' title='bbox 921 2390 1045 2454; x_wconf 85' lang='lat' dir='ltr'>festum</span> <span class='ocrx_word' id='word_1_121' title='bbox 1071 2391 1260 2455; x_wconf 88' lang='lat' dir='ltr'>celebravit</span> <span class='ocrx_word' id='word_1_122' title='bbox 1284 2389 1375 2472; x_wconf 90' lang='lat' dir='ltr'>apud</span> 
     </span>
    </p>
   </div>
   <div class='ocr_carea' id='block_1_6' title="bbox 262 2458 362 2496">
    <p class='ocr_par' dir='ltr' id='par_1_6' title="bbox 262 2458 362 2496">
     <span class='ocr_line' id='line_1_20' title="bbox 262 2458 362 2496; baseline 0 0"><span class='ocrx_word' id='word_1_123' title='bbox 262 2459 316 2496; x_wconf 86' lang='lat' dir='ltr'>lroro</span> <span class='ocrx_word' id='word_1_124' title='bbox 326 2458 362 2496; x_wconf 78' lang='grc'>1111</span> 
     </span>
    </p>
   </div>
   <div class='ocr_carea' id='block_1_7' title="bbox 263 2488 1383 3663">
    <p class='ocr_par' dir='ltr' id='par_1_7' title="bbox 263 2488 1383 3663">
     <span class='ocr_line' id='line_1_21' title="bbox 264 2488 1374 2594; baseline -0.001 -41"><span class='ocrx_word' id='word_1_125' title='bbox 264 2507 392 2594; x_wconf 51' lang='grc' dir='ltr'>ιῑοιιᾱουοηᾱ,</span> <span class='ocrx_word' id='word_1_126' title='bbox 429 2490 648 2571; x_wconf 84' lang='lat' dir='ltr'>Radingum3</span> <span class='ocrx_word' id='word_1_127' title='bbox 676 2497 712 2554; x_wconf 88' lang='lat' dir='ltr'>et</span> <span class='ocrx_word' id='word_1_128' title='bbox 736 2489 771 2552; x_wconf 95' lang='lat' dir='ltr'>in</span> <span class='ocrx_word' id='word_1_129' title='bbox 801 2489 928 2554; x_wconf 87' lang='lat' dir='ltr'>eisdem</span> <span class='ocrx_word' id='word_1_130' title='bbox 953 2490 1075 2553; x_wconf 89' lang='lat' dir='ltr'>diebus</span> <span class='ocrx_word' id='word_1_131' title='bbox 1100 2488 1269 2553; x_wconf 89' lang='lat' dir='ltr'>natalitiis</span> <span class='ocrx_word' id='word_1_132' title='bbox 1291 2490 1374 2553; x_wconf 90' lang='lat' dir='ltr'>obiit</span> 
     </span>
     <span class='ocr_line' id='line_1_22' title="bbox 263 2566 1376 2665; baseline -0.003 -10"><span class='ocrx_word' id='word_1_133' title='bbox 263 2566 372 2645; x_wconf 52' lang='grc' dir='ltr'>ἶιῗῖἶιῖω</span> <span class='ocrx_word' id='word_1_134' title='bbox 428 2584 642 2655; x_wconf 83' lang='lat' dir='ltr'>Willelmus²</span> <span class='ocrx_word' id='word_1_135' title='bbox 654 2608 769 2652; x_wconf 89' lang='lat' dir='ltr'>eomes</span> <span class='ocrx_word' id='word_1_136' title='bbox 782 2590 951 2665; x_wconf 84' lang='lat' dir='ltr'>Essexiae,</span> <span class='ocrx_word' id='word_1_137' title='bbox 966 2590 1001 2652; x_wconf 93' lang='lat' dir='ltr'>in</span> <span class='ocrx_word' id='word_1_138' title='bbox 1014 2588 1165 2652; x_wconf 87' lang='lat' dir='ltr'>dolorem</span> <span class='ocrx_word' id='word_1_139' title='bbox 1177 2587 1376 2664; x_wconf 87' lang='lat' dir='ltr'>multorum,</span> 
     </span>
     <span class='ocr_line' id='line_1_23' title="bbox 428 2685 1377 2768; baseline -0.001 -16"><span class='ocrx_word' id='word_1_140' title='bbox 428 2690 628 2753; x_wconf 88' lang='lat' dir='ltr'>adolescens</span> <span class='ocrx_word' id='word_1_141' title='bbox 645 2696 808 2752; x_wconf 87' lang='lat' dir='ltr'>strenuus</span> <span class='ocrx_word' id='word_1_142' title='bbox 826 2690 910 2751; x_wconf 87' lang='lat' dir='ltr'>etin</span> <span class='ocrx_word' id='word_1_143' title='bbox 929 2688 1096 2752; x_wconf 91' lang='lat' dir='ltr'>donorum</span> <span class='ocrx_word' id='word_1_144' title='bbox 1112 2685 1275 2768; x_wconf 79' lang='lat' dir='ltr'>largitate</span> <span class='ocrx_word' id='word_1_145' title='bbox 1293 2687 1377 2751; x_wconf 83' lang='lat' dir='ltr'>satis</span> 
     </span>
     <span class='ocr_line' id='line_1_24' title="bbox 429 2786 1378 2871; baseline -0.002 -19"><span class='ocrx_word' id='word_1_146' title='bbox 429 2788 604 2871; x_wconf 87' lang='lat' dir='ltr'>profusus.</span> <span class='ocrx_word' id='word_1_147' title='bbox 650 2787 785 2852; x_wconf 89' lang='lat' dir='ltr'>Deinde</span> <span class='ocrx_word' id='word_1_148' title='bbox 802 2806 865 2850; x_wconf 80' lang='lat' dir='ltr'>rex</span> <span class='ocrx_word' id='word_1_149' title='bbox 884 2786 1082 2850; x_wconf 85' lang='lat' dir='ltr'>Londonias</span> <span class='ocrx_word' id='word_1_150' title='bbox 1100 2787 1240 2850; x_wconf 87' lang='lat' dir='ltr'>veniens</span> <span class='ocrx_word' id='word_1_151' title='bbox 1255 2805 1378 2850; x_wconf 88' lang='lat' dir='ltr'>causa·</span> 
     </span>
     <span class='ocr_line' id='line_1_25' title="bbox 429 2884 1378 2969; baseline -0.003 -17"><span class='ocrx_word' id='word_1_152' title='bbox 429 2896 486 2952; x_wconf 88' lang='lat' dir='ltr'>tus</span> <span class='ocrx_word' id='word_1_153' title='bbox 511 2897 565 2952; x_wconf 90' lang='lat' dir='ltr'>est</span> <span class='ocrx_word' id='word_1_154' title='bbox 586 2890 692 2965; x_wconf 83' lang='lat' dir='ltr'>cives,</span> <span class='ocrx_word' id='word_1_155' title='bbox 717 2886 809 2969; x_wconf 91' lang='lat' dir='ltr'>qnod</span> <span class='ocrx_word' id='word_1_156' title='bbox 829 2887 865 2950; x_wconf 89' lang='lat' dir='ltr'>in</span> <span class='ocrx_word' id='word_1_157' title='bbox 891 2905 991 2949; x_wconf 90' lang='lat' dir='ltr'>suum</span> <span class='ocrx_word' id='word_1_158' title='bbox 1017 2884 1255 2968; x_wconf 82' lang='lat' dir='ltr'>praejudicium</span> <span class='ocrx_word' id='word_1_159' title='bbox 1278 2885 1378 2949; x_wconf 90' lang='lat' dir='ltr'>dede-</span> 
     </span>
     <span class='ocr_line' id='line_1_26' title="bbox 430 2983 1380 3066; baseline -0.001 -16"><span class='ocrx_word' id='word_1_160' title='bbox 430 2995 512 3050; x_wconf 92' lang='lat' dir='ltr'>runt</span> <span class='ocrx_word' id='word_1_161' title='bbox 533 2988 729 3062; x_wconf 73' lang='lat' dir='ltr'>lodowico,</span> <span class='ocrx_word' id='word_1_162' title='bbox 754 2987 828 3066; x_wconf 77' lang='lat' dir='ltr'>regi</span> <span class='ocrx_word' id='word_1_163' title='bbox 850 2986 1061 3049; x_wconf 87' lang='lat' dir='ltr'>Francorum</span> <span class='ocrx_word' id='word_1_164' title='bbox 1090 3003 1182 3046; x_wconf 89' lang='lat' dir='ltr'>nunc</span> <span class='ocrx_word' id='word_1_165' title='bbox 1205 2983 1380 3061; x_wconf 85' lang='lat' dir='ltr'>defuncto,</span> 
     </span>
     <span class='ocr_line' id='line_1_27' title="bbox 429 3082 1380 3167; baseline -0.001 -19"><span class='ocrx_word' id='word_1_166' title='bbox 429 3088 465 3148; x_wconf 94' lang='lat' dir='ltr'>in</span> <span class='ocrx_word' id='word_1_167' title='bbox 488 3105 626 3148; x_wconf 87' lang='lat' dir='ltr'>recessu</span> <span class='ocrx_word' id='word_1_168' title='bbox 644 3104 708 3147; x_wconf 90' lang='lat' dir='ltr'>suo</span> <span class='ocrx_word' id='word_1_169' title='bbox 729 3087 772 3148; x_wconf 90' lang='lat' dir='ltr'>ab</span> <span class='ocrx_word' id='word_1_170' title='bbox 791 3082 922 3167; x_wconf 80' lang='lat' dir='ltr'>Anglia</span> <span class='ocrx_word' id='word_1_171' title='bbox 945 3083 1225 3166; x_wconf 91' lang='lat' dir='ltr'>quinquemillia</span> <span class='ocrx_word' id='word_1_172' title='bbox 1247 3102 1380 3148; x_wconf 87' lang='lat' dir='ltr'>marcas</span> 
     </span>
     <span class='ocr_line' id='line_1_28' title="bbox 430 3183 1380 3266; baseline -0.001 -20"><span class='ocrx_word' id='word_1_173' title='bbox 430 3184 580 3264; x_wconf 79' lang='lat' dir='ltr'>argenti3</span> <span class='ocrx_word' id='word_1_174' title='bbox 603 3183 693 3246; x_wconf 90' lang='lat' dir='ltr'>unde</span> <span class='ocrx_word' id='word_1_175' title='bbox 710 3183 879 3266; x_wconf 88' lang='lat' dir='ltr'>compulsi</span> <span class='ocrx_word' id='word_1_176' title='bbox 896 3192 979 3247; x_wconf 90' lang='lat' dir='ltr'>sunt</span> <span class='ocrx_word' id='word_1_177' title='bbox 991 3183 1092 3246; x_wconf 90' lang='lat' dir='ltr'>iidem</span> <span class='ocrx_word' id='word_1_178' title='bbox 1110 3183 1203 3246; x_wconf 87' lang='lat' dir='ltr'>cives</span> <span class='ocrx_word' id='word_1_179' title='bbox 1219 3184 1292 3264; x_wconf 80' lang='lat' dir='ltr'>regi</span> <span class='ocrx_word' id='word_1_180' title='bbox 1307 3204 1380 3266; x_wconf 91' lang='lat' dir='ltr'>per·</span> 
     </span>
     <span class='ocr_line' id='line_1_29' title="bbox 430 3281 1379 3363; baseline 0.002 -19"><span class='ocrx_word' id='word_1_181' title='bbox 430 3281 577 3357; x_wconf 87' lang='lat' dir='ltr'>solvere,</span> <span class='ocrx_word' id='word_1_182' title='bbox 604 3282 845 3346; x_wconf 85' lang='lat' dir='ltr'>cavillatorum</span> <span class='ocrx_word' id='word_1_183' title='bbox 871 3283 1026 3358; x_wconf 88' lang='lat' dir='ltr'>consilio,</span> <span class='ocrx_word' id='word_1_184' title='bbox 1049 3282 1194 3345; x_wconf 92' lang='lat' dir='ltr'>eandem</span> <span class='ocrx_word' id='word_1_185' title='bbox 1225 3284 1379 3363; x_wconf 77' lang='lat' dir='ltr'>pecuniae</span> 
     </span>
     <span class='ocr_line' id='line_1_30' title="bbox 431 3381 1381 3464; baseline 0.004 -22"><span class='ocrx_word' id='word_1_186' title='bbox 431 3400 610 3445; x_wconf 88' lang='lat' dir='ltr'>summam.</span> <span class='ocrx_word' id='word_1_187' title='bbox 663 3381 765 3463; x_wconf 90' lang='lat' dir='ltr'>Cepit</span> <span class='ocrx_word' id='word_1_188' title='bbox 787 3389 955 3464; x_wconf 86' lang='lat' dir='ltr'>praeterea</span> <span class='ocrx_word' id='word_1_189' title='bbox 977 3383 1021 3446; x_wconf 92' lang='lat' dir='ltr'>ab</span> <span class='ocrx_word' id='word_1_190' title='bbox 1043 3383 1094 3444; x_wconf 91' lang='lat' dir='ltr'>eis</span> <span class='ocrx_word' id='word_1_191' title='bbox 1115 3383 1272 3463; x_wconf 89' lang='lat' dir='ltr'>quintam</span> <span class='ocrx_word' id='word_1_192' title='bbox 1293 3383 1381 3446; x_wconf 90' lang='lat' dir='ltr'>deci·</span> 
     </span>
     <span class='ocr_line' id='line_1_31' title="bbox 432 3481 1382 3563; baseline 0.002 -21"><span class='ocrx_word' id='word_1_193' title='bbox 432 3497 522 3542; x_wconf 91' lang='lat' dir='ltr'>mam</span> <span class='ocrx_word' id='word_1_194' title='bbox 539 3488 672 3563; x_wconf 85' lang='lat' dir='ltr'>partem</span> <span class='ocrx_word' id='word_1_195' title='bbox 691 3482 844 3544; x_wconf 91' lang='lat' dir='ltr'>omnium</span> <span class='ocrx_word' id='word_1_196' title='bbox 860 3481 1035 3545; x_wconf 90' lang='lat' dir='ltr'>mobilium</span> <span class='ocrx_word' id='word_1_197' title='bbox 1055 3500 1196 3544; x_wconf 88' lang='lat' dir='ltr'>suorum</span> <span class='ocrx_word' id='word_1_198' title='bbox 1219 3488 1255 3544; x_wconf 88' lang='lat' dir='ltr'>ot</span> <span class='ocrx_word' id='word_1_199' title='bbox 1275 3483 1382 3546; x_wconf 91' lang='lat' dir='ltr'>totius</span> 
     </span>
     <span class='ocr_line' id='line_1_32' title="bbox 431 3577 1383 3663; baseline -0.001 -19"><span class='ocrx_word' id='word_1_200' title='bbox 431 3581 636 3644; x_wconf 87' lang='lat' dir='ltr'>substantiae</span> <span class='ocrx_word' id='word_1_201' title='bbox 662 3599 747 3656; x_wconf 87' lang='lat' dir='ltr'>suae,</span> <span class='ocrx_word' id='word_1_202' title='bbox 768 3580 859 3643; x_wconf 88' lang='lat' dir='ltr'>sient</span> <span class='ocrx_word' id='word_1_203' title='bbox 879 3581 912 3644; x_wconf 90' lang='lat' dir='ltr'>ei</span> <span class='ocrx_word' id='word_1_204' title='bbox 937 3582 1033 3663; x_wconf 91' lang='lat' dir='ltr'>prius</span> <span class='ocrx_word' id='word_1_205' title='bbox 1053 3579 1166 3643; x_wconf 88' lang='lat' dir='ltr'>suerat</span> <span class='ocrx_word' id='word_1_206' title='bbox 1185 3580 1231 3643; x_wconf 92' lang='lat' dir='ltr'>ab</span> <span class='ocrx_word' id='word_1_207' title='bbox 1252 3577 1383 3662; x_wconf 82' lang='lat' dir='ltr'>Anglia</span> 
     </span>
    </p>
   </div>
   <div class='ocr_carea' id='block_1_8' title="bbox 431 3679 1383 3761">
    <p class='ocr_par' dir='ltr' id='par_1_8' title="bbox 431 3679 1383 3761">
     <span class='ocr_line' id='line_1_33' title="bbox 431 3679 1383 3761; baseline 0.001 -19"><span class='ocrx_word' id='word_1_208' title='bbox 431 3687 506 3743; x_wconf 91' lang='lat' dir='ltr'>tota</span> <span class='ocrx_word' id='word_1_209' title='bbox 525 3699 736 3744; x_wconf 90' lang='lat' dir='ltr'>concessum.</span> <span class='ocrx_word' id='word_1_210' title='bbox 789 3680 844 3743; x_wconf 90' lang='lat' dir='ltr'>De</span> <span class='ocrx_word' id='word_1_211' title='bbox 856 3680 1094 3761; x_wconf 75' lang='lat' dir='ltr'>Burgensilrus</span> <span class='ocrx_word' id='word_1_212' title='bbox 1110 3686 1225 3742; x_wconf 89' lang='lat' dir='ltr'>autem</span> <span class='ocrx_word' id='word_1_213' title='bbox 1243 3688 1280 3743; x_wconf 91' lang='lat' dir='ltr'>et</span> <span class='ocrx_word' id='word_1_214' title='bbox 1290 3679 1325 3743; x_wconf 95' lang='lat' dir='ltr'>N</span> <span class='ocrx_word' id='word_1_215' title='bbox 1327 3699 1383 3743; x_wconf 92' lang='lat' dir='ltr'>or·</span> 
     </span>
    </p>
   </div>
   <div class='ocr_carea' id='block_1_9' title="bbox 432 3850 1388 4268">
    <p class='ocr_par' dir='ltr' id='par_1_9' title="bbox 432 3850 1388 4268">
     <span class='ocr_line' id='line_1_34' title="bbox 468 3850 1386 3924; baseline 0.007 -23"><span class='ocrx_word' id='word_1_216' title='bbox 468 3851 473 3878; x_wconf 93' lang='lat'><strong>¹</strong></span> <span class='ocrx_word' id='word_1_217' title='bbox 487 3850 842 3924; x_wconf 60' lang='lat' dir='ltr'>praeoptasset-wiceman]</span> <span class='ocrx_word' id='word_1_218' title='bbox 855 3857 896 3905; x_wconf 82' lang='lat' dir='ltr'>An</span> <span class='ocrx_word' id='word_1_219' title='bbox 924 3857 1007 3915; x_wconf 81' lang='lat' dir='ltr'>corde,</span> <span class='ocrx_word' id='word_1_220' title='bbox 1024 3856 1085 3905; x_wconf 87' lang='lat' dir='ltr'>odit.</span> <span class='ocrx_word' id='word_1_221' title='bbox 1098 3859 1172 3917; x_wconf 81' lang='grc'>1819,</span> <span class='ocrx_word' id='word_1_222' title='bbox 1187 3856 1237 3906; x_wconf 79' lang='lat' dir='ltr'>rol.</span> <span class='ocrx_word' id='word_1_223' title='bbox 1255 3857 1273 3905; x_wconf 95' lang='lat' dir='ltr'>i.</span> <span class='ocrx_word' id='word_1_224' title='bbox 1290 3873 1317 3919; x_wconf 91' lang='lat' dir='ltr'>p.</span> <span class='ocrx_word' id='word_1_225' title='bbox 1330 3861 1386 3907; x_wconf 75' lang='lat'>180.</span> 
     </span>
     <span class='ocr_line' id='line_1_35' title="bbox 432 3922 1386 3988; baseline 0.005 -18"><span class='ocrx_word' id='word_1_226' title='bbox 432 3923 544 3971; x_wconf 86' lang='lat' dir='ltr'>abstraot</span> <span class='ocrx_word' id='word_1_227' title='bbox 552 3922 616 3970; x_wconf 78' lang='lat' dir='ltr'>from</span> <span class='ocrx_word' id='word_1_228' title='bbox 627 3929 678 3970; x_wconf 86' lang='lat' dir='ltr'>two</span> <span class='ocrx_word' id='word_1_229' title='bbox 689 3923 775 3973; x_wconf 84' lang='lat' dir='ltr'>letters</span> <span class='ocrx_word' id='word_1_230' title='bbox 785 3926 818 3986; x_wconf 82' lang='lat' dir='ltr'>by</span> <span class='ocrx_word' id='word_1_231' title='bbox 831 3927 899 3974; x_wconf 87' lang='lat' dir='ltr'>Pan·</span> <span class='ocrx_word' id='word_1_232' title='bbox 960 3924 1153 3988; x_wconf 77' lang='lat' dir='ltr'>&#39;Willelmur.]</span> <span class='ocrx_word' id='word_1_233' title='bbox 1182 3925 1296 3974; x_wconf 84' lang='lat' dir='ltr'>Willinm</span> <span class='ocrx_word' id='word_1_234' title='bbox 1319 3926 1386 3975; x_wconf 78' lang='lat' dir='ltr'>Fila·</span> 
     </span>
     <span class='ocr_line' id='line_1_36' title="bbox 432 3992 1387 4058; baseline 0.005 -19"><span class='ocrx_word' id='word_1_235' title='bbox 432 3992 513 4053; x_wconf 89' lang='lat' dir='ltr'>dulph</span> <span class='ocrx_word' id='word_1_236' title='bbox 536 3998 561 4040; x_wconf 95' lang='lat' dir='ltr'>to</span> <span class='ocrx_word' id='word_1_237' title='bbox 582 3992 684 4040; x_wconf 81' lang='lat' dir='ltr'>Hubert</span> <span class='ocrx_word' id='word_1_238' title='bbox 710 3993 742 4041; x_wconf 86' lang='lat' dir='ltr'>de</span> <span class='ocrx_word' id='word_1_239' title='bbox 766 3995 853 4057; x_wconf 82' lang='lat' dir='ltr'>Burgh</span> <span class='ocrx_word' id='word_1_240' title='bbox 877 3996 899 4043; x_wconf 83' lang='grc'>11</span> <span class='ocrx_word' id='word_1_241' title='bbox 927 3996 1009 4058; x_wconf 72' lang='lat' dir='ltr'>Piens,</span> <span class='ocrx_word' id='word_1_242' title='bbox 1017 3995 1084 4044; x_wconf 82' lang='lat' dir='ltr'>sixth</span> <span class='ocrx_word' id='word_1_243' title='bbox 1094 3994 1146 4045; x_wconf 87' lang='lat' dir='ltr'>earl</span> <span class='ocrx_word' id='word_1_244' title='bbox 1156 3993 1288 4055; x_wconf 79' lang='lat' dir='ltr'>olEsee13</span> <span class='ocrx_word' id='word_1_245' title='bbox 1308 3996 1387 4058; x_wconf 70' lang='lat' dir='ltr'>dying</span> 
     </span>
     <span class='ocr_line' id='line_1_37' title="bbox 435 4061 1388 4126; baseline 0.007 -18"><span class='ocrx_word' id='word_1_246' title='bbox 435 4061 535 4120; x_wconf 84' lang='lat' dir='ltr'>printed</span> <span class='ocrx_word' id='word_1_247' title='bbox 554 4062 579 4109; x_wconf 91' lang='lat' dir='ltr'>in</span> <span class='ocrx_word' id='word_1_248' title='bbox 598 4061 640 4110; x_wconf 80' lang='lat' dir='ltr'>the</span> <span class='ocrx_word' id='word_1_249' title='bbox 655 4064 794 4124; x_wconf 82' lang='lat' dir='ltr'>Appendix</span> <span class='ocrx_word' id='word_1_250' title='bbox 813 4070 840 4116; x_wconf 87' lang='lat' dir='ltr'>to</span> <span class='ocrx_word' id='word_1_251' title='bbox 857 4066 899 4114; x_wconf 83' lang='lat' dir='ltr'>the</span> <span class='ocrx_word' id='word_1_252' title='bbox 925 4066 1033 4114; x_wconf 87' lang='lat' dir='ltr'>without</span> <span class='ocrx_word' id='word_1_253' title='bbox 1043 4067 1123 4126; x_wconf 87' lang='lat' dir='ltr'>issue,</span> <span class='ocrx_word' id='word_1_254' title='bbox 1133 4064 1165 4113; x_wconf 89' lang='lat' dir='ltr'>he</span> <span class='ocrx_word' id='word_1_255' title='bbox 1176 4080 1232 4113; x_wconf 86' lang='lat' dir='ltr'>was</span> <span class='ocrx_word' id='word_1_256' title='bbox 1246 4064 1388 4115; x_wconf 74' lang='lat' dir='ltr'>succecded</span> 
     </span>
     <span class='ocr_line' id='line_1_38' title="bbox 438 4130 1388 4197; baseline 0.009 -22"><span class='ocrx_word' id='word_1_257' title='bbox 438 4130 490 4176; x_wconf 84' lang='lat' dir='ltr'>tirst</span> <span class='ocrx_word' id='word_1_258' title='bbox 513 4130 624 4179; x_wconf 87' lang='lat' dir='ltr'>General</span> <span class='ocrx_word' id='word_1_259' title='bbox 654 4131 750 4193; x_wconf 84' lang='lat' dir='ltr'>llcport</span> <span class='ocrx_word' id='word_1_260' title='bbox 772 4134 836 4182; x_wconf 81' lang='lat' dir='ltr'>from</span> <span class='ocrx_word' id='word_1_261' title='bbox 858 4135 900 4184; x_wconf 85' lang='lat' dir='ltr'>the</span> <span class='ocrx_word' id='word_1_262' title='bbox 927 4137 958 4196; x_wconf 85' lang='lat' dir='ltr'>by</span> <span class='ocrx_word' id='word_1_263' title='bbox 982 4135 1022 4182; x_wconf 83' lang='lat' dir='ltr'>iris</span> <span class='ocrx_word' id='word_1_264' title='bbox 1045 4136 1163 4196; x_wconf 83' lang='lat' dir='ltr'>ucphcw,</span> <span class='ocrx_word' id='word_1_265' title='bbox 1184 4134 1337 4197; x_wconf 87' lang='lat' dir='ltr'>Humphrey</span> <span class='ocrx_word' id='word_1_266' title='bbox 1357 4135 1388 4184; x_wconf 85' lang='lat' dir='ltr'>da</span> 
     </span>
     <span class='ocr_line' id='line_1_39' title="bbox 436 4197 1276 4268; baseline 0.008 -21"><span class='ocrx_word' id='word_1_267' title='bbox 436 4197 646 4248; x_wconf 80' lang='lat' dir='ltr'>Commissioners</span> <span class='ocrx_word' id='word_1_268' title='bbox 674 4215 706 4248; x_wconf 92' lang='lat' dir='ltr'>on</span> <span class='ocrx_word' id='word_1_269' title='bbox 733 4203 825 4253; x_wconf 88' lang='lat' dir='ltr'>Publio</span> <span class='ocrx_word' id='word_1_270' title='bbox 852 4205 900 4255; x_wconf 78' lang='lat' dir='ltr'>lie·</span> <span class='ocrx_word' id='word_1_271' title='bbox 927 4204 1276 4268; x_wconf 69' lang='lat' dir='ltr'>Bohumearlolllercsord.</span> 
     </span>
    </p>
   </div>
   <div class='ocr_carea' id='block_1_10' title="bbox 0 0 1510 4996">
    <p class='ocr_par' dir='ltr' id='par_1_10' title="bbox 0 0 1510 4996">
     <span class='ocr_line' id='line_1_40' title="bbox 0 0 1510 4996; baseline 0 0"><span class='ocrx_word' id='word_1_272' title='bbox 0 0 1510 4996; x_wconf 95' lang='lat' dir='ltr'> </span> 
     </span>
    </p>
   </div>
  </div>
 </body>
</html>
