2978 4996
421 450 484 513 110
675 463 809 515 noceri
834 464 882 511 nn
905 463 1112 512 wcsuovss

258 636 314 676 en.
325 636 382 675 122⁵·
422 639 512 695 uem,
541 619 706 681 lectorum
741 617 905 682 nobilium
935 618 1127 693 mollitiem,
1158 617 1372 680 adstantium

259 686 350 736 Μ’
422 718 642 781 balatrouum
655 716 921 799 jocunditatem,
939 717 1145 780 annulorum
1162 733 1204 779 ac
1221 714 1375 798 lapidum

422 818 648 897 pretiosorum
668 815 839 891 decorem,
857 815 1002 895 piscium
1020 822 1056 877 et
1073 813 1266 878 volatilium
1282 815 1372 877 fera·

360 990 372 1009 ι
423 934 566 996 rumque
587 914 796 976 silvestrium
819 921 959 994 gustum
981 913 1219 976 delectabilem
1240 920 1276 975 et
1290 931 1371 975 sua·

424 1032 511 1076 vem.
565 1012 608 1075 In
631 1011 683 1074 bis
703 1012 811 1092 igitur
832 1012 1082 1074 tentationibus
1105 1017 1140 1075 et
1158 1010 1235 1073 aliis
1257 1012 1371 1073 consi-

423 1111 559 1173 milibus
582 1110 698 1192 puella
720 1108 792 1173 fere
813 1109 996 1191 desperata
1019 1116 1054 1172 et
1068 1109 1104 1171 in
1123 1109 1278 1172 diversas
1301 1128 1373 1171 me.-

422 1208 607 1273 ditatioues
624 1207 778 1279 inducta,
801 1214 916 1270 utrum
939 1207 1106 1270 derelicta
1127 1215 1310 1289 repeteret,
1326 1226 1371 1271 an

423 1307 458 1368 in
492 1307 671 1388 proposito
712 1305 889 1385 religionis
926 1312 1174 1386 perseveraret,
1207 1305 1371 1368 ineffabili

424 1405 548 1467 mentis
577 1411 613 1467 et
637 1404 790 1484 corporis
821 1402 974 1468 cruciatu
1005 1403 1126 1466 diebus
1157 1403 1305 1484 siugulis
1336 1411 1371 1467 et

424 1503 584 1573 noctibus
606 1502 857 1583 torquebatur;
893 1500 955 1565 sed
980 1502 1162 1565 miserator
1184 1508 1219 1564 et
1240 1502 1372 1565 miseri·

424 1618 503 1662 cors
529 1600 712 1687 Dominus,
735 1600 796 1681 qui
824 1607 1003 1682 sperantes
1027 1600 1065 1663 iu
1090 1617 1128 1662 se
1155 1598 1372 1680 ultraquam

423 1705 570 1779 possunt
594 1697 668 1778 pati
695 1716 764 1760 non
790 1697 959 1779 permittit
986 1699 1126 1773 tentari,
1148 1697 1286 1760 oculum
1309 1716 1372 1779 pu-

424 1796 501 1859 ellae
522 1795 675 1859 restituit
694 1796 851 1872 rationiS,
874 1803 913 1859 ut
935 1802 1091 1858 cerneret
1106 1801 1238 1876 quauta
1258 1796 1294 1857 in
1317 1815 1372 1858 re·

423 1895 488 1956 bus
514 1893 761 1974 temporalibus
790 1900 826 1956 et
850 1892 1136 1956 delectationibus
1163 1892 1371 1975 supradictis

424 1993 561 2055 curiosa
590 1992 636 2056 sit
661 1990 871 2067 sollicitudo,
898 1992 934 2054 in
966 1991 1097 2054 carnali
1127 1992 1371 2054 commixtione

424 2090 615 2172 turpitudo,
637 2097 768 2171 quanto
791 2108 847 2151 res
870 2088 1077 2170 temporales
1101 2088 1227 2152 sudore
1250 2088 1372 2170 adqui·
1431 2096 1433 2100 ‘

424 2197 548 2252 runtur
564 2196 600 2251 et
616 2206 693 2250 cum
710 2194 842 2268 quanto
865 2186 982 2251 dolore
1005 2187 1223 2263 amittuntur,
1239 2194 1372 2268 quanta

424 2288 471 2350 sit
492 2305 608 2350 coram
635 2284 786 2347 Domino
810 2285 991 2367 virginalis
1012 2283 1194 2361 munditia,
1217 2285 1277 2365 qui
1297 2304 1371 2348 ma·

425 2391 511 2446 trem
534 2401 633 2446 suam
657 2381 855 2446 foecundam
883 2403 959 2447 esse
983 2383 1094 2447 voluit
1115 2384 1208 2447 etin
1230 2383 1371 2462 virgini·

424 2488 497 2543 tate
522 2499 722 2560 permanere
747 2480 929 2562 disposuit,
953 2500 1031 2563 ques
1060 2500 1190 2544 merces
1214 2482 1372 2562 sequitur

423 2578 572 2641 fructum
598 2580 680 2641 boni
704 2579 830 2659 operis,
855 2598 932 2660 quae
955 2579 1100 2643 dulcedo
1125 2579 1229 2642 sitin
1254 2579 1370 2643 studio

422 2684 554 2740 sauctae
578 2696 619 2740 ac
636 2677 762 2741 diviuae
785 2677 1097 2759 contemplationis,
1119 2695 1198 2758 quae
1220 2678 1370 2741 societas

423 2775 550 2839 civium
571 2794 810 2857 supernorum,
831 2794 935 2856 quam
957 2776 1075 2839 suavis
1098 2775 1144 2838 sit
1165 2781 1200 2838 et
1219 2773 1371 2839 delecta.-

422 2873 503 2936 bilis
534 2880 732 2938 sanctarum
765 2872 907 2937 refectio
942 2874 1133 2937 animarum
1165 2880 1201 2936 et
1225 2892 1371 2954 regnare

425 2991 503 3035 cum
521 2970 672 3047 Christo,
698 2971 758 3034 nbi
782 2968 953 3051 frigiditas
972 2972 1105 3035 nullum
1125 2969 1242 3047 afficit,
1262 2971 1371 3034 fames

425 3077 461 3132 et
483 3071 559 3132 sitis
587 3069 756 3133 neminem
777 3068 911 3150 affligit,
933 3070 997 3146 ira,
1019 3069 1107 3145 rixa,
1130 3088 1221 3133 vana
1247 3070 1372 3149 gloria,

426 3166 568 3242 invidia,
593 3166 767 3246 superbia,
795 3167 938 3244 accidia,
963 3168 1121 3242 avaritia,
1143 3167 1316 3249 cupiditas
1339 3175 1374 3231 et

425 3264 574 3327 ebrietas
607 3264 739 3327 nullum
771 3266 906 3347 premit.
970 3265 1060 3328 Haec
1095 3272 1131 3329 et
1160 3264 1214 3328 bis
1246 3265 1373 3329 similia

426 3361 525 3442 virgo
557 3364 660 3425 beata
691 3364 819 3445 saepius
851 3371 965 3426 mente
1000 3363 1193 3440 revolvens,
1225 3369 1260 3426 et
1281 3364 1373 3427 iuter

426 3460 655 3524 tentationum
672 3461 824 3524 turbines
840 3462 1008 3526 virtutum
1026 3463 1277 3544 praeteritarum
1293 3481 1371 3525 cus·

426 3563 480 3621 tos
511 3560 677 3635 existens,
707 3561 811 3623 armis
841 3560 998 3624 accincta
1027 3560 1153 3625 divinis
1179 3566 1272 3623 artes
1298 3559 1371 3624 dia·

425 3656 496 3720 boli
525 3657 763 3722 fraudulentas
796 3679 915 3723 omnes
950 3659 1095 3722 feliciter
1125 3659 1305 3741 superavit
1337 3666 1373 3722 et

424 3754 536 3838 ipsum
556 3758 600 3822 ad
618 3765 751 3822 tartara
772 3757 954 3822 confusum
973 3758 1111 3822 direxit.
