2978 4996
479 470 619 520 rnonns
642 471 913 521 nrsroamauu.
1102 458 1169 524 277

217 625 296 689 inde
318 643 363 688 ex
386 643 503 689 eorum
529 633 702 709 potestate
726 637 920 710 exemptus,
940 628 1042 706 undo,
1065 631 1302 694 neimo-1²⁸³·

216 742 292 788 eum
314 724 444 788 ferrent
468 727 685 802 sententiam,
708 727 824 789 sedem
851 729 1078 809 apostolicam
1103 749 1166 812 ap-

215 823 370 907 pellavit.
422 823 522 887 'l'unc
548 826 701 906 episcopi
724 844 843 889 omnes
867 827 946 890 illos
969 846 1167 892 excommu-

218 923 434 998 nicaverunt,
459 924 519 1005 qui
546 925 698 986 animum
725 925 818 1005 ragis
843 924 1109 990 immutaverant
1129 928 1165 990 in

216 1020 333 1085 odium
348 1021 557 1085 naturalium
579 1021 756 1085 hominum
778 1042 919 1086 suorum
933 1024 977 1087 dc
993 1044 1112 1106 regno,
1130 1033 1165 1089 ct

215 1121 408 1203 omnesqui
423 1122 665 1202 perturbarent
680 1138 801 1202 pacem
818 1123 928 1203 regni.

255 1288 345 1367 Quod
356 1311 411 1355 rac
424 1312 523 1356 manea
538 1291 732 1376 clarifica,
748 1292 803 1378 qai
817 1292 878 1359 sibi
892 1293 1070 1361 tenebantur
1086 1295 1133 1360 ad

527 1392 687 1455 movilium
700 1392 850 1457 militare.

267 1509 312 1575 In
335 1511 401 1576 boc
426 1515 566 1596 quidem
588 1516 761 1597 colloquio
787 1522 958 1580 venerunt
984 1517 1095 1581 nuntii
1119 1519 1161 1582 ad
1176 1530 1282 1580 neunt

1176 1591 1286 1620 lummollfl

214 1626 344 1691 regem,
368 1612 531 1690 dicentes,
552 1614 644 1697 quod
672 1633 785 1678 comes
808 1614 1036 1678 Marescallus
1064 1630 1325 1728 cepe-ffiffiom

215 1717 272 1772 rat
300 1711 480 1774 castellum
513 1732 613 1775 suum
639 1713 675 1776 in
698 1712 842 1788 Wallia,
865 1720 900 1776 et
923 1713 1090 1794 quosdam
1118 1735 1161 1778 ex
1175 1730 1286 1768 wruoeto

214 1806 382 1872 militibus
399 1811 470 1873 suis
492 1810 616 1874 ibidem
639 1811 858 1874 interfecerat
876 1816 912 1873 et
928 1809 970 1872 de
983 1812 1161 1878 ministris,
1175 1778 1317 1868 'gffissssffiss‘

216 1903 308 1969 Haec
324 1907 467 1971 audiens
494 1928 556 1972 rex
582 1910 805 1991 perturbatus
822 1915 876 1971 est
890 1907 1002 1984 valde,
1023 1917 1058 1972 ct
1074 1930 1163 1991 prae-

213 2004 306 2086 cepit
326 2006 496 2088 episcopis
518 2009 663 2084 cunctis,
685 2016 725 2071 ut
742 2006 986 2071 Marcscallum
1008 2008 1163 2081 nomina-

214 2102 275 2165 tim
303 2106 654 2182 excommunicarent,
676 2108 735 2188 qni
758 2113 908 2169 castrum
930 2113 1162 2186 occupaverat

215 2211 465 2282 mamoratnm3
489 2204 550 2268 sed
575 2205 625 2268 illi
654 2213 809 2269 econtra
824 2205 1050 2268 communiter
1066 2204 1161 2269 dixe-

213 2310 307 2377 runt,
330 2301 508 2384 indignum
532 2322 608 2367 csso
629 2303 725 2366 illum
748 2303 1056 2381 excommunicare,
1079 2306 1160 2386 quia

213 2399 392 2463 castellum
418 2401 511 2484 quod
544 2420 644 2464 suum
677 2401 791 2466 suerat
816 2403 1010 2483 occupavit.
1060 2401 1161 2468 Tunc

214 2514 279 2560 rex
299 2500 523 2580 perturbatus
553 2500 648 2563 misit
675 2501 794 2564 literas
819 2502 855 2564 in
881 2520 999 2563 omncs
1020 2500 1160 2582 Angliac

212 2595 312 2672 lines,
343 2598 546 2680 praecipiens
575 2599 721 2675 cunctis,
747 2600 807 2681 qui
837 2599 903 2662 sibi
932 2597 976 2662 ad
1012 2600 1160 2665 militaro

212 2694 391 2759 servitium
408 2697 624 2772 tenebantur,
640 2705 811 2778 quatenus
833 2696 869 2758 in
893 2697 1043 2759 crastino
1065 2697 1161 2762 sesti·

213 2793 334 2857 vitatis
344 2793 506 2858 Omnium
521 2803 719 2859 sanctorum
736 2794 827 2877 apud
841 2794 1065 2858 Glovemiam
1081 2815 1159 2858 cum

213 2892 312 2973 equis
334 2899 369 2955 et
392 2895 496 2956 armis
518 2895 753 2970 convenirent,
775 2913 844 2976 quo
866 2894 940 2973 ipse
956 2892 1060 2956 vellet
1077 2912 1159 2957 con·

213 2988 338 3053 dacore
360 2990 451 3068 illos,
474 2992 568 3055 ituri.
621 2992 691 3055 Per
715 2993 805 3056 idem
822 3000 958 3072 tempus
977 2990 1158 3055 Hubertus

211 3087 255 3152 de
272 3088 404 3170 Burgo,
422 3090 596 3172 quondam
615 3089 753 3172 Anglioe
770 3090 997 3174 justiciarius,
1022 3084 1159 3173 ¹raptus

211 3193 267 3250 est
291 3188 336 3250 ab
364 3189 510 3253 ecclesia
538 3188 581 3252 de
605 3189 738 3253 Divisis
769 3190 898 3253 avitis
920 3190 1074 3267 armatis,
1100 3191 1159 3253 ubi

213 3284 420 3350 militaribus
447 3288 552 3351 armis
575 3287 736 3352 decenter
754 3288 896 3353 indutus
924 3290 1015 3352 circa
1039 3289 1159 3353 horam

212 3383 280 3447 diei
305 3385 450 3466 primam
470 3379 522 3450 ²in
541 3387 706 3451 Walliam
730 3387 900 3451 adductus
928 3395 982 3451 est
1002 3406 1043 3450 ac
1065 3388 1158 3469 regis

212 3480 370 3547 hostibus
382 3484 533 3549 sociatus
549 3488 650 3550 tertio
664 3486 830 3550 kalendas
848 3486 1068 3549 Novembris.

246 3684 361 3750 ¹Raptus
376 3691 413 3737 est
428 3686 459 3734 ub
474 3685 594 3748 ecclesia]
612 3686 673 3734 ‘Su-
731 3683 784 3734 'la
808 3684 923 3735 Walliam
944 3684 1063 3731 adductas
1083 3675 1158 3748 est]

211 3758 264 3808 bito
285 3757 466 3817 superveniens
483 3755 610 3804 Ricardus
627 3756 673 3816 Sy·
696 3755 803 3816 ‘Usque
818 3753 970 3813 Austiclive,
988 3755 1014 3800 et
1031 3762 1159 3811 praepara-

208 3826 280 3876 ward
308 3840 367 3873 cum
393 3824 554 3873 multitudine
576 3830 673 3872 armata
696 3824 730 3871 tis
745 3825 781 3872 ibi
798 3823 915 3880 navibus,
931 3820 1061 3869 brachium
1073 3819 1159 3878 maris,

208 3897 334 3944 volentem
355 3895 466 3942 extraxit
485 3893 518 3942 cle
539 3888 671 3953 ecclesia;'
697 3892 765 3951 quod
776 3893 812 3940 ibi
823 3890 932 3951 adjacet,
942 3887 1159 3946 transnavigantes

211 3964 305 4014 chron.
317 3963 411 4011 Dunst.
422 3979 450 4024 p.
461 3966 518 4012 221.
553 3963 562 3990 ⁴
572 3962 611 4011 Eo
627 3976 672 4010 no·
696 3961 780 4020 ipsum
798 3959 942 4008 Hubertum
958 3959 984 4005 in
999 3960 1110 4004 castrum
1126 3954 1159 4002 da

208 4027 300 4096 lente?
318 4031 507 4096 wilmus.
697 4028 892 4090 suugoyl...in
900 4031 955 4076 tuto
964 4025 1135 4088 deposuerunt
1143 4017 1159 4086 ς’

697 4098 849 4159 illapsa.
