2978 4996
433 459 499 525 258
686 472 820 520 sooner
845 471 892 518 nn
916 469 1124 518 wnunovnn

275 650 398 719 snus.
436 630 645 714 possidebat,
671 636 712 691 ut
727 628 807 690 inde
830 627 896 690 sibi
924 627 1063 690 ansuis
1089 625 1297 788 ιιοοοεῗίιιιιᾷ
1306 645 1386 708 pro-

438 728 581 794 videret.
647 726 694 790 Et
714 727 819 809 paulo
841 734 921 807 post
941 731 1168 807 susceperunt
1228 743 1250 787 n
1296 731 1388 789 rtum

439 829 504 891 sub
530 824 750 909 fidejussione
775 823 971 889 Richardus
999 843 1127 901 comes,
1148 822 1257 887 irater
1283 824 1389 905 regis,

441 925 638 991 Willelmus
670 942 784 987 comes
805 922 1019 1000 Warenniae,
1045 921 1242 986 Ricberdus
1275 942 1390 986 comes

444 1023 672 1101 Marescallus
699 1029 735 1086 et
758 1015 971 1086 ¹Wlllelmus
1000 1039 1115 1085 comes
1139 1020 1183 1083 de
1208 1019 1391 1098 Ferrariis,
1434 1016 1438 1021 ’

444 1131 479 1187 et
501 1123 627 1185 missus
652 1139 675 1183 a
696 1140 778 1202 rege
808 1120 853 1184 ed
881 1120 1061 1185 castellum
1091 1119 1133 1183 de
1159 1119 1293 1183 Divisis
1318 1126 1390 1183 tra·

445 1221 538 1284 ditus
561 1228 614 1284 est
631 1221 696 1283 sub
718 1218 878 1283 custodia
903 1226 1052 1302 quatuor
1074 1216 1223 1281 militum
1245 1217 1391 1299 praedie-

445 1327 559 1382 torum
575 1318 751 1392 comitum,
767 1326 806 1381 ut
822 1318 886 1381 sub
896 1318 1004 1381 libera
1021 1316 1179 1380 custodia
1193 1325 1392 1381 servaretur

445 1416 582 1480 ibidem.
635 1415 766 1479 Eodem
792 1434 896 1494 anno,
918 1417 952 1479 in
980 1416 1131 1480 crastino
1157 1415 1271 1480 sancti
1294 1415 1391 1479 Mar·

447 1514 522 1590 tini,
545 1512 665 1576 andita
691 1522 774 1577 sunt
797 1516 952 1578 tonitrua
975 1512 1164 1589 horribilia,
1184 1531 1265 1595 qnae
1288 1513 1391 1578 vicis·

446 1612 512 1674 sim
537 1630 600 1692 per
623 1609 697 1673 dies
723 1611 917 1693 quindecim
945 1612 1148 1676 continuata
1170 1611 1300 1675 multos
1324 1619 1393 1676 ter·

446 1715 602 1783 ruerunt,
629 1716 665 1771 et
695 1710 869 1791 praecipue
901 1711 995 1775 cives
1028 1708 1301 1787 Londonienses,
1330 1712 1392 1792 qni

447 1806 537 1869 hanc
559 1813 692 1888 pestem
719 1807 805 1872 adeo
836 1806 964 1872 babent
987 1807 1201 1883 familiarem,
1229 1808 1335 1890 quod,
1363 1808 1393 1872 si

447 1924 593 1988 usquam
622 1904 727 1969 sitin
752 1904 895 1987 Anglia,
920 1907 968 1969 ibi
995 1926 1065 1969 non
1090 1904 1203 1985 desit3
1235 1913 1393 1970 secutum

447 2011 502 2068 est
523 2011 639 2068 autem
666 2005 702 2066 in
731 2022 839 2084 regne
864 2004 1058 2085 Anglorum
1092 2005 1183 2068 inter
1211 2023 1330 2085 regem
1356 2012 1392 2068 et

448 2104 593 2166 barones
619 2102 813 2166 miserabile
833 2102 1024 2179 dissidium,
1046 2103 1136 2168 sicut
1153 2121 1304 2185 sequens
1322 2103 1392 2167 bis·

448 2201 537 2264 toria
553 2199 753 2263 declarabit.

447 2370 497 2433 De
511 2369 686 2434 sibilatione
693 2370 790 2454 seete
803 2392 895 2457 super
910 2373 993 2436 ciros
1010 2373 1222 2459 cujuscumque
1236 2373 1395 2461 reliyiosie

725 2489 788 2554 per
804 2468 903 2535 orbem
919 2471 1106 2536 universum.

320 2613 332 2642 e
365 2601 409 2651 ιε’·
509 2589 590 2654 Ηοο
613 2610 751 2674 quoque
773 2611 863 2656 anno
885 2611 977 2673 papa
1000 2591 1189 2674 Gregorius
1212 2594 1392 2659 constitnit

448 2687 646 2753 visitatores
670 2708 774 2771 super
790 2690 884 2754 viros
908 2690 1087 2771 religiosos
1109 2710 1171 2772 per
1191 2693 1310 2757 orbem
1333 2714 1392 2776 ge·

286 2809 352 2840 mon.
406 2809 436 2839 e·-
449 2786 612 2852 neraliter
645 2789 842 2853 universum
866 2787 995 2853 Christi
1022 2790 1158 2853 nomine
1188 2788 1391 2872 insignitum

449 2888 512 2950 sub
534 2886 599 2950 bac
616 2886 749 2965 forma3
773 2885 990 2968 ‘Gregorius
1007 2887 1201 2969 episcopus,
1218 2892 1393 2955 venerabi·

448 2983 539 3048 libus
561 2985 725 3048 fratribus
747 2983 975 3065 suffraganeis
995 2985 1149 3050 ecclesiae
1165 2985 1393 3053 Cantuarien·

448 3081 948 3164 sis,salutemetapostolicam
958 3083 1242 3149 benedictionem.
1269 3085 1393 3169 Egres-

449 3199 509 3243 sus
524 3198 546 3242 a
562 3180 648 3243 facie
662 3179 730 3243 Dei
747 3179 891 3256 Sathan,
909 3180 953 3243 ad
964 3180 1067 3244 fortia
1082 3201 1223 3245 manum
1239 3184 1391 3261 mittens,

449 3275 492 3338 de
516 3296 581 3339 sua
602 3277 793 3341 calliditate
819 3277 969 3341 confisus
993 3279 1155 3342 vitiorum
1186 3279 1323 3363 laqueis
1348 3282 1391 3345 ir-

449 3373 553 3436 retire
570 3374 711 3437 molitur
728 3376 857 3439 electos
872 3377 908 3439 in
929 3383 1056 3439 sortem
1074 3377 1294 3442 Dominicam
1311 3400 1392 3446 evo·

449 3478 557 3547 catos,
581 3471 730 3554 majores
756 3474 804 3537 ibi
829 3492 957 3555 paraus
976 3474 1034 3537 ille
1051 3481 1228 3539 tortuosus
1251 3476 1393 3543 insidia·

450 3578 505 3633 tor
527 3570 682 3648 insidias,
698 3572 757 3634 ubi
779 3573 957 3652 graviores
979 3573 1198 3654 conspexerit
1218 3585 1395 3659 corrupte·

449 3666 512 3731 las
565 3667 657 3731 Sane
678 3688 758 3732 cum
774 3669 971 3752 frequenter
992 3669 1037 3733 ad
1054 3678 1209 3736 nostram
1224 3673 1395 3739 audienti·

448 3783 504 3827 am
528 3766 756 3847 pervenisset,
779 3768 870 3849 quod
900 3770 1111 3832 monasteria
1135 3768 1396 3837 Cantuariensis

447 3864 636 3943 provinciae
655 3864 691 3927 in
711 3864 949 3946 spiritualibus
972 3867 1156 3932 enormiter
1171 3875 1207 3935 et
1223 3874 1397 3954 tempora·

480 4060 907 4131 ¹WillelmnscomsdeFerrariie.]
933 4067 1039 4116 Lincoln
1055 4067 1106 4117 and
1124 4071 1254 4123 eonstsblc
1273 4075 1306 4126 ni
1320 4074 1400 4129 cle·-

444 4130 498 4179 'l'he
516 4133 574 4180 wrlt
590 4134 670 4182 above
692 4134 795 4183 elluded
812 4140 847 4195 to,
870 4135 908 4183 ior
933 4140 970 4186 ter
976 4151 984 4198 3
1003 4137 1077 4199 llym.
1086 4138 1104 4187 i.
1116 4153 1142 4200 p.
1154 4142 1212 4191 208.

446 4198 513 4246 Lord
531 4200 642 4264 Ferrors,
659 4202 706 4252 ben
722 4202 801 4267 John,
811 4203 865 4253 enrl
881 4204 911 4253 ol
