2978 4996
415 441 554 489 suanus
578 442 851 495 ursnonmaun.
1045 428 1111 493 197

155 603 287 661 sanctae
311 596 477 674 civitatis,
500 601 629 663 reversi
652 609 734 664 sunt
755 620 817 682 per
839 601 994 664 diversas
1017 602 1110 665 orbis
1123 618 1245 659 natta.

154 703 273 777 partes
310 697 345 760 in
377 698 535 778 regiones
571 719 666 776 suas,
699 699 882 763 laudantes
912 707 946 762 et
969 701 1109 764 benedi·

157 801 275 858 centes
302 795 415 859 Deum
445 796 481 859 in
508 799 679 873 omnihus,
702 799 763 880 qui
792 798 974 862 audierant
1002 806 1036 861 et
1059 801 1108 862 vi-

157 893 292 971 derant,
314 914 393 977 quae
418 895 500 961 fecit
519 896 690 962 Dominus
713 897 917 961 mirabiliter
939 904 974 960 et
995 905 1108 961 osten-

159 992 210 1056 dit
224 994 285 1056 eis.

205 1164 255 1228 De
270 1164 517 1230 reconciliatam
532 1176 644 1231 saneta
660 1168 801 1232 civitatis
817 1168 1016 1234 Hierusalem
1031 1177 1059 1234 et

479 1265 615 1330 aliorum
632 1266 778 1332 locorum.

210 1384 394 1467 Ingressus
418 1394 471 1450 est
492 1388 609 1470 igitur,
634 1397 673 1453 ut
694 1389 859 1467 diximus,
881 1399 1039 1455 sanctam
1061 1393 1263 1461 ci-rnayorun

159 1483 304 1548 vitatem
323 1485 545 1551 Hierusalem
560 1489 734 1553 exercitus
750 1488 982 1567 Christianus,
999 1498 1035 1553 et
1049 1510 1109 1573 pa·
1121 1463 1239 1553 illidi

161 1583 311 1647 triarcha
341 1604 419 1648 cum
451 1586 621 1667 episcopis
649 1587 876 1669 suffraganeis
907 1589 1108 1654 mundifica-

160 1683 212 1746 vit
235 1684 400 1764 templum
426 1684 567 1747 Domini
593 1693 628 1749 et
650 1686 831 1749 ecclesiam
858 1689 971 1750 sancti
996 1689 1109 1770 sepul-

1121 1564 1194 1603 ulem.

161 1780 244 1859 chri,
262 1789 461 1864 sanctaeque
478 1784 738 1847 resurrectionis
754 1784 921 1867 ejusdem,
936 1805 1014 1848 cnm
1031 1787 1108 1849 aliis

160 1881 315 1944 ecclesiis
338 1882 590 1945 venerabilibus
613 1883 788 1958 civitatis3
813 1883 991 1946 abluentes
1011 1887 1109 1965 pavi-

160 1988 313 2043 mentum
340 1988 375 2043 et
397 1981 546 2062 parietes
573 2000 666 2063 aqua
694 1981 886 2056 benedicta,
910 1989 944 2045 et
966 1989 1109 2061 agentes

159 2080 397 2160 processiones
421 2078 456 2143 in
478 2079 615 2161 hymnis
639 2088 674 2144 et
692 2080 848 2156 canticis,
866 2079 1110 2144 reconciliave-

160 2185 242 2240 runt
259 2177 336 2241 Deo
354 2176 432 2241 loca
448 2179 609 2242 universa
632 2179 804 2242 diuturnis
824 2179 1012 2241 infidelium
1036 2199 1110 2243 sor-

160 2275 263 2343 dibus
290 2276 532 2359 prophanata3
555 2296 674 2342 verum
706 2278 872 2360 quamdiu
908 2279 1109 2360 imperator,

161 2377 223 2458 qui
249 2377 567 2440 excommunicatus
591 2377 716 2453 suerat,
744 2378 837 2441 intra
862 2377 957 2441 urbis
980 2378 1109 2441 moenia

161 2493 293 2538 moram
323 2473 417 2550 fecit,
443 2475 558 2538 nullus
585 2475 807 2557 praelatorum
835 2476 870 2538 in
901 2495 943 2538 ea
970 2477 1110 2539 missam

162 2573 336 2637 celebrare
347 2575 578 2656 praesumpsit.
614 2574 785 2655 Magister
794 2581 909 2637 tamen
919 2574 1110 2650 Walterus,

162 2672 269 2736 frater
284 2672 424 2754 quidam
446 2673 489 2735 de
514 2672 633 2736 ordine
656 2672 939 2747 Praedicatornm,
958 2673 1010 2734 vir
1032 2673 1109 2735 reli-

161 2771 293 2853 giosus,
309 2771 474 2852 providus
493 2790 534 2834 ac
554 2772 735 2846 discretus,
750 2772 810 2852 qui
830 2789 853 2832 a
867 2770 1005 2833 domino
1020 2790 1111 2852 papa

160 2869 311 2934 officinm
324 2870 579 2950 praedicationis
592 2871 627 2933 in
641 2871 796 2934 exercitu
809 2868 940 2933 Christi
953 2886 1112 2950 suscepe-

162 2976 230 3045 rat,
245 2969 337 3050 quod
354 2968 464 3032 multo
477 2970 551 3053 jam
566 2978 718 3050 tempore
735 2967 880 3031 feliciter
896 2967 1111 3049 impleverat,

161 3067 350 3132 celebravit
361 3068 480 3131 divina
495 3070 531 3131 in
546 3067 700 3132 ecclesiis
715 3067 933 3143 suburbanis,
948 3066 1038 3129 unde
1055 3066 1112 3129 de-

161 3167 337 3231 votionem
363 3166 513 3231 fidelium
540 3167 725 3248 plurimum
746 3166 924 3230 excitavit.
977 3165 1112 3228 Deinde

163 3264 318 3347 praelatis
349 3266 507 3346 singulis,
534 3275 604 3329 tam
634 3266 823 3328 minoribus
849 3284 951 3347 quam
974 3264 1112 3347 majori·

163 3366 240 3440 bas,
254 3383 296 3427 ac
310 3365 391 3427 viris
409 3365 591 3446 religiosis,
606 3364 759 3428 ecclesiis
777 3366 848 3429 suis
863 3365 928 3427 sibi
942 3365 1112 3427 restitutis

165 3470 201 3527 et
223 3463 497 3544 possessionibus
532 3464 697 3546 antiquis,
725 3464 954 3543 gaudentibus
980 3464 1113 3525 cunctis

163 3581 269 3643 super
286 3562 385 3625 donis
404 3563 612 3638 caelestibus,
636 3581 713 3644 quae
738 3569 864 3643 praeter
886 3580 981 3641 spem
1006 3561 1115 3622 omni-

164 3680 222 3724 nm
249 3660 458 3737 acciderant,
484 3661 708 3725 intenderunt
727 3660 935 3723 unanimiter
955 3676 1034 3720 cum
1054 3677 1113 3738 pe·

165 3758 312 3841 regrinis
333 3761 492 3824 omnibus
513 3761 557 3823 ad
577 3759 877 3823 reaedificationem
898 3755 1062 3831 civitatis,
1078 3765 1114 3818 et

165 3877 282 3921 muros
299 3876 377 3921 cum
396 3859 551 3935 fossatiS,
569 3868 750 3940 turresque
772 3877 850 3920 cum
870 3872 1113 3937 propugnacu-

165 3956 221 4032 lis,
237 3957 374 4037 magnis
395 3959 591 4041 sumptibus
618 3976 658 4020 ac
683 3955 847 4020 studiosis
866 3953 1041 4016 laboribus
1064 3971 1116 4014 re-

163 4065 351 4137 parantes3
381 4076 444 4120 nec
472 4058 582 4122 solum
610 4064 690 4119 acta
721 4062 802 4118 sunt
822 4053 896 4116 haec
918 4052 953 4114 in
976 4050 1117 4115 civitate

164 4163 288 4219 sancta
306 4154 542 4237 Hierusalem,
560 4155 620 4221 sed
639 4163 674 4219 ct
692 4156 727 4219 in
745 4154 903 4221 omnibus
919 4151 1118 4226 civitatibus
