2978 4996
471 465 611 513 rnonns
635 465 906 528 nrsromsnuu.
1097 452 1161 516 251

211 625 389 700 mundum,
410 624 467 686 ubi
490 643 580 686 uxor
603 624 678 707 ejus
700 625 911 699 morabatur,
935 631 970 686 et
991 626 1160 687 transiens
1172 641 1227 680 nn.
1240 643 1295 680 usa

211 745 273 808 per
302 723 483 787 Essexiam
513 723 708 805 hospitatus
739 732 792 786 est
820 725 854 786 in
884 723 968 786 villa
998 724 1160 803 quadam,

210 843 288 905 quae
320 821 363 886 ad
390 823 452 906 jus
486 824 636 904 pertinet
662 824 813 905 episcopi
845 822 1092 898 Norwicensis,
1124 824 1160 885 in

209 923 367 987 domibus
389 922 543 1004 episcopi
570 922 782 1003 supradieti3
816 922 908 1004 quod
929 921 1057 985 sactum
1082 942 1159 985 cum

211 1024 285 1104 regi
317 1022 463 1085 relatum
500 1021 634 1097 fuisset,
665 1023 718 1085 ira
747 1021 940 1085 vehementi
968 1021 1159 1099 incanduit,

211 1131 380 1197 metuens,
407 1122 436 1183 si
461 1119 641 1183 Hubertus
669 1122 718 1184 ita
744 1120 929 1196 recederet,
951 1122 1159 1202 perturbati-

211 1240 312 1285 onem
335 1220 591 1307 machinaretur
610 1221 645 1282 in
672 1240 801 1301 regno;
831 1220 922 1283 unde
944 1219 1027 1283 sacti
1048 1221 1159 1301 poeni·

211 1328 288 1384 tens
303 1321 398 1382 misit
415 1327 494 1401 post
511 1339 589 1382 eum
608 1318 834 1383 Godefridum
851 1319 893 1382 de
910 1319 1159 1396 Crauecumbe,

212 1420 368 1495 militem,
391 1438 468 1481 cum
493 1420 656 1482 trecentis
685 1420 839 1495 armatis,
866 1420 1069 1502 praecipiens
1095 1421 1160 1482 sub

210 1538 316 1600 poena
345 1519 594 1599 suspensionis,
620 1527 791 1600 quatenus
820 1520 916 1582 illum
940 1527 1079 1601 captum
1106 1539 1159 1582 re-

211 1618 377 1681 ducerent
399 1626 435 1680 et
456 1618 491 1680 in
510 1618 597 1681 turri
616 1617 850 1681 Londoniensi
872 1620 1025 1682 vinctum
1048 1620 1159 1681 incar-

212 1724 379 1782 cerarent.
405 1716 519 1781 Atini
533 1737 609 1780 eum
624 1718 846 1781 festinatione
861 1718 1006 1799 profecti
1019 1719 1159 1781 invene·

212 1826 293 1881 runt
310 1816 507 1879 Hubertum
525 1810 577 1879 ¹in
595 1817 744 1898 quadam
766 1816 900 1898 capella
923 1816 1073 1898 hospitio
1094 1837 1158 1881 suo

213 1916 339 1993 vicina,
357 1935 490 1979 erucem
509 1916 545 1978 in
563 1936 632 1980 uua
648 1936 750 1978 manu
770 1916 986 1978 Dominieum
1004 1924 1037 1977 et
1056 1917 1091 1978 in
1107 1917 1158 1978 al·

212 2024 288 2079 tera
303 2035 428 2097 corpus
449 2016 589 2079 Domini
613 2015 824 2099 bajulantem
844 2035 853 2093 3
877 2015 1055 2078 eratenim
1072 2034 1159 2096 prae-

213 2116 366 2179 munitus
395 2114 437 2178 de
465 2115 616 2178 adventu
643 2116 870 2197 quaerentium
899 2114 1048 2176 animam
1072 2113 1159 2196 ejus

212 2221 249 2278 et
264 2234 410 2294 surgens
438 2214 480 2276 de
506 2222 620 2278 stratu
646 2223 830 2297 soporatus
847 2214 890 2277 ad
909 2214 1077 2296 capellum
1096 2234 1160 2277 nu·

214 2314 279 2376 dus
305 2313 474 2394 confugit.
527 2313 577 2377 At
601 2313 810 2378 Godefridus
839 2315 1058 2396 supradictus
1083 2304 1160 2376 cum

212 2414 316 2477 sociis
350 2414 492 2476 armatis
521 2415 690 2495 capellam
722 2414 898 2495 ingressus
928 2415 1093 2496 praecepit
1115 2434 1159 2476 ex

213 2530 274 2575 ore
300 2514 403 2594 regis,
431 2520 471 2576 ut
495 2515 606 2577 exiret
630 2515 672 2577 de
701 2514 835 2595 capella
854 2523 889 2577 et
913 2515 1044 2576 veniret
1067 2512 1160 2576 Lon·

212 2610 335 2675 donias
357 2632 434 2675 cum
457 2632 538 2694 rege
561 2613 763 2691 locuturus;
792 2614 851 2677 sed
878 2633 955 2677 eum
979 2612 1160 2676 Hubertus
1174 2630 1292 2689 {edessen

214 2711 402 2792 respondit,
430 2712 521 2793 quod
552 2713 647 2776 nullo
678 2713 930 2798 modouexiret,
953 2681 1272 2776 Gouefridusiiiiii¹¹⁰

213 2817 249 2874 et
275 2811 351 2892 ejus
381 2811 566 2892 complices
597 2819 787 2893 rapuerunt
809 2813 852 2874 de
880 2812 1037 2873 manibus
1068 2811 1161 2873 illius

213 2929 348 2974 erucem
376 2919 410 2973 et
436 2911 654 2974 Dominieum
677 2931 814 2992 corpus,
839 2918 874 2974 et
892 2910 1037 2972 vinculis
1064 2910 1160 2973 illum

213 3010 489 3091 oonstringentes
512 3011 714 3074 arctissimis
740 3030 830 3092 equo
856 3012 1104 3092 imposuerunt,
1127 3018 1162 3073 et

213 3108 257 3170 ad
283 3110 401 3171 turrim
431 3109 685 3174 Londoniarum
714 3111 826 3192 ipsum
853 3111 1016 3173 ducentes
1039 3128 1164 3191 posue·

213 3216 293 3270 runt
318 3209 353 3270 in
379 3228 517 3272 carcere
548 3211 790 3292 compeditum.
844 3210 923 3288 Quo
946 3210 1050 3287 facto,
1075 3230 1162 3273 nun·

215 3307 390 3371 tiaverunt
413 3309 486 3390 regi
509 3309 600 3391 quod
624 3309 754 3372 sactum
776 3311 913 3388 fuerat3
949 3317 984 3373 et
1007 3310 1076 3387 ille,
1102 3312 1161 3392 qui

214 3405 360 3487 pervigil
374 3427 492 3470 eorum
508 3410 735 3490 exspectabat
746 3410 945 3487 adventum,
961 3410 1062 3474 laetus
1073 3418 1163 3473 stra-

213 3513 285 3569 tum
303 3507 438 3587 petivit.

245 3676 397 3756 Quomodo
415 3678 495 3747 idom
513 3677 674 3742 Hubertus
687 3681 830 3743 redactas
846 3689 888 3743 ost
902 3679 948 3743 od
961 3679 1122 3763 capellam.

264 3801 372 3866 Mane
394 3811 510 3866 autem
528 3804 632 3881 sacto,
650 3824 728 3868 cum
750 3805 923 3887 RogeruS,
945 3805 1162 3868 Londonien-
1175 3824 1317 3872 syriarum-

1175 3875 1258 3913 sereneo
1269 3876 1293 3912 os

213 3902 261 3963 sis
294 3903 455 3979 antistes,
483 3905 704 3985 cognovisset
730 3924 799 3986 quo
830 3904 949 3967 ordine
981 3903 1299 4013 Hubertusffl‘ffl'ssss

214 4008 392 4065 extractus
409 4001 522 4067 suerat
533 4004 575 4067 de
593 4005 738 4087 capella,
756 4004 849 4068 venit
867 4004 957 4067 celer
974 4004 1017 4066 ad
1036 4024 1163 4085 regem,
1175 4025 1274 4113 appan

250 4174 301 4225 ι1η
320 4181 421 4240 quodum
444 4182 566 4245 cupedia]
606 4184 747 4246 According
770 4192 795 4233 to
818 4185 859 4232 tho
885 4184 1100 4245 Dunst.(1hron.‚
1122 4184 1164 4232 tho

212 4248 306 4296 church
318 4249 347 4297 oi
357 4249 470 4311 Boisnrs,
481 4266 506 4311 p.
519 4257 576 4300 208.
