2978 4996
406 434 543 483 rnoars
566 433 836 483 nrsronrlnuu.
1033 423 1099 486 157

146 599 279 655 trenses
314 598 349 654 et
376 592 559 655 canonicos
587 591 862 656 Lichefeldenses
889 613 994 675 super
1025 596 1098 676 epi·
1112 616 1233 655 anua.

146 711 251 773 scopo
279 689 438 770 eligendo
470 690 592 753 Romae
623 712 685 774 per
712 693 917 755 sententiam
945 692 1097 757 diffiniti-

146 808 239 866 vam,
265 789 315 851 ita
348 796 387 852 ut
420 789 583 871 deinceps
608 791 788 872 episcopos
814 791 1011 854 alternatim
1040 793 1097 854 eli-

146 896 242 969 gant,
266 888 424 951 monachi
445 888 605 970 primum,
624 895 659 951 et
684 889 840 951 canonici
869 909 910 953 eo
936 890 1098 954 defuncto

147 987 316 1064 alterum3
342 987 405 1049 hoc
426 995 542 1049 tamen
563 987 759 1063 observato,
776 981 830 1050 ¹ut
851 989 945 1069 prior
962 988 1097 1052 Ceven-

147 1087 272 1149 trensis
287 1087 321 1147 in
339 1085 505 1149 electione
524 1086 668 1166 primam
680 1104 815 1167 semper
830 1087 957 1149 habeat
967 1107 1096 1150 vocem.

148 1184 191 1247 In
217 1184 281 1247 hac
309 1192 425 1247 autem
449 1185 621 1247 sententia
648 1185 785 1247 videtur
812 1186 997 1267 plurimum
1024 1186 1097 1268 juri

147 1284 392 1348 monachorum
410 1282 516 1345 fuisse
536 1283 752 1363 derogatum,
769 1285 829 1365 qui
845 1292 988 1347 eatenus
1007 1304 1097 1347 sem·

146 1403 208 1464 per
223 1382 404 1465 pontifices
419 1381 595 1462 elegerant
607 1383 737 1463 absque
753 1385 997 1447 canonicorum
1015 1403 1098 1446 con-

145 1500 261 1544 sensu.
314 1481 444 1544 Eodem
471 1500 563 1543 anno
586 1481 774 1563 imperator
798 1481 1117 1562 Constantinopor

147 1579 275 1643 litanus
306 1579 466 1642 humanae
495 1586 629 1642 naturae
662 1580 813 1643 debitum
842 1580 958 1655 solvit,
988 1581 1096 1643 filium

147 1671 328 1742 haeredem²
357 1679 553 1759 relinquens
583 1679 765 1760 parvulum
789 1689 824 1742 et
846 1680 999 1743 nondum
1023 1679 1097 1742 ido-

148 1797 248 1840 neum
268 1778 311 1840 ad
328 1778 463 1859 imperii
477 1778 695 1858 dignitatem.

344 1952 394 2014 Do
407 1951 554 2014 sentent-io
569 1951 604 2013 ia
619 1951 833 2034 imperatorem
849 1949 927 2013 leto.

197 2067 312 2138 Circa³
329 2074 402 2137 dies
417 2075 504 2138 istos
522 2093 614 2157 papa
632 2073 834 2155 Gregorius,
857 2093 934 2136 cum
951 2073 1098 2155 impera·
1109 2088 1234 2178 eropum

148 2173 233 2235 toris
255 2174 520 2249 contumaciam,
544 2173 646 2236 simul
669 2181 705 2236 et
725 2172 893 2236 Crucifixi
919 2180 1096 2254 contemp·
1109 2188 1252 2238 thermum·

150 2277 233 2347 tum,
251 2279 290 2336 ut
314 2273 379 2334 sibi
397 2271 590 2349 ridebatur,
611 2273 818 2355 impunitum
839 2273 969 2335 diutius
986 2271 1097 2335 distu-

148 2369 256 2445 lisset,
288 2371 439 2446 tandem,
471 2390 514 2433 ne
538 2372 635 2433 canis
666 2372 841 2435 videretur
874 2372 1001 2435 latrare
1029 2392 1097 2435 non

150 2469 281 2545 valens,
310 2470 352 2532 de
380 2469 524 2532 consilio
555 2470 782 2533 cardinalium
811 2490 951 2534 suorum
983 2470 1097 2552 ipsum

148 2568 388 2650 imperatorem
414 2569 736 2644 excommunicavit,
760 2577 795 2632 et
821 2570 929 2631 latam
961 2577 1098 2633 senten·

148 2666 230 2730 tiam
263 2687 325 2749 per
349 2666 469 2730 literas
499 2666 708 2748 apostolicas
739 2667 774 2729 in
804 2666 950 2729 diversis
980 2668 1097 2730 mundi

146 2767 303 2846 partibus
333 2765 502 2848 publicari
526 2765 702 2847 praecepit.
756 2764 854 2827 Inter
876 2772 1019 2827 caeteros
1036 2784 1098 2828 au-

147 2871 215 2928 tem
236 2864 339 2949 hujus
355 2865 538 2928 sententiae
554 2864 785 2945 publicatores
801 2862 978 2943 Stephano
990 2864 1096 2945 scrip-

146 2963 192 3027 sit
209 2963 467 3046 archiepiscopo
490 2964 527 3026 in
547 2963 621 3025 haec
641 2962 766 3040 verba3
791 2960 1004 3042 ‘Gregorius
1025 2964 1097 3044 epi·

147 3082 273 3145 scopus
290 3062 479 3146 Stephano,
497 3061 740 3125 Cantuariensi
756 3060 1027 3144 archiepiscopo,
1042 3082 1098 3125 sa·

146 3160 266 3237 lutem,
284 3171 319 3226 et
334 3169 467 3224 caetera.
522 3161 563 3224 ln
581 3162 686 3223 maris
703 3161 928 3242 amplitudine
943 3163 1098 3242 spatiosa

148 3260 310 3324 uaricula
329 3260 426 3323 Petri
448 3260 575 3342 posita,
591 3261 646 3323 vel
666 3261 781 3341 potius
804 3262 963 3343 exposita
989 3262 1097 3323 turbi-

149 3359 250 3422 nibus
266 3366 523 3440 tempestatum,
541 3360 590 3422 sie
612 3358 744 3442 jugiter
759 3360 919 3442 procellis
932 3368 967 3423 et
983 3359 1097 3423 flucti-

148 3458 212 3521 bus
227 3459 392 3540 agitatur,
409 3466 448 3520 ut
463 3459 538 3541 ejus
555 3460 805 3539 gubernatores
819 3478 859 3521 ae
874 3460 1021 3538 remiges
1036 3459 1097 3521 vix

146 3558 328 3639 contingat
350 3557 537 3638 aliquando
563 3558 653 3621 inter
673 3557 914 3620 inundantium
938 3555 1097 3618 imbrium

147 3658 326 3737 augustias
345 3657 514 3737 respirare
528 3676 536 3735 ;
558 3675 649 3732 nam,
663 3657 692 3718 si
709 3655 915 3737 quandoque
930 3672 1097 3736 prospero

181 3843 232 3895 ¹Ut
240 3847 353 3909 prior...
362 3846 462 3910 uocem]
473 3846 531 3896 ‘Itu
539 3847 607 3908 quod
633 3846 673 3895 his
685 3845 785 3893 brother
797 3846 891 3894 Robert
901 3845 934 3894 de
943 3844 1097 3908 Courtenay,

144 3917 212 3978 prior
224 3918 249 3965 in
262 3917 385 3966 electione
398 3918 504 3977 primam
521 3931 607 3965 rocem
633 3915 675 3963 the
692 3929 816 3975 emperor,
833 3914 901 3963 died.
938 3914 1040 3975 During
1056 3915 1097 3963 his

143 3985 245 4047 habeat,
265 3992 291 4034 et
312 3987 424 4036 decanus
444 3986 606 4046 secundum3’
633 3985 751 4045 minority
770 3984 838 4032 John
862 3983 890 4031 ol
911 3984 1020 4031 Brienne
1041 3999 1096 4033 was

144 4055 238 4105 Chron.
250 4056 345 4105 Dunst.
356 4072 382 4117 p.
396 4060 451 4104 168.
633 4052 770 4115 appointed
782 4059 807 4101 to
818 4054 860 4101 the
873 4057 1044 4115 goremment.

171 4123 608 4189 'HeredemJBaldwintheseeond
668 4121 762 4172 3(Ῑίνσα
781 4123 833 4171 dier
853 4118 943 4190 istos]
972 4122 1097 4183 Compare

144 4209 198 4244 was
210 4195 270 4255 only
281 4194 368 4243 eleveu
385 4209 459 4255 years
476 4194 518 4242 old
533 4193 607 4241 when
634 4193 770 4255 Ruynaldi,
782 4198 840 4243 tom.
853 4195 870 4242 i.
882 4210 927 4255 pp.
938 4197 995 4251 592,
1007 4207 1070 4256 seqq.
