2978 4996
477 466 619 517 ruerus
641 468 913 520 ursronrnnun.
1096 455 1162 520 alr

209 641 272 704 per
295 622 526 687 internuntios
552 623 625 703 regi
652 623 845 704 Auglorum
871 624 1027 689 reddidit
1041 625 1161 689 horna-
1176 642 1295 681 nnus

209 723 306 803 giam
332 742 447 798 suum,
470 721 561 804 quod
590 723 621 785 ci
650 722 780 804 pridem
811 722 964 802 fecerat;
995 732 1031 788 et
1057 744 1119 787 rex
1142 745 1162 786 e

210 839 380 885 converso
400 822 494 903 cepit
516 821 549 883 in
579 840 683 883 manu
706 841 770 884 sua
792 824 909 885 omnia
921 823 1004 906 jura
1025 823 1161 886 comitis

209 920 403 984 Britanniae
428 921 464 984 in
486 919 628 1001 Anglia,
655 928 690 984 et
709 921 857 986 honores
880 923 924 985 ad
946 923 1041 986 illum
1062 942 1161 1004 spec·

210 1026 339 1083 tautes.

319 1189 517 1254 Miracalam
534 1189 571 1253 da
584 1191 726 1254 avaritia
741 1189 902 1275 rusicadam
919 1192 1061 1276 cphcopi.

262 1313 343 1376 Hoc
367 1313 514 1395 denique
536 1333 640 1390 anuo,
662 1314 721 1396 qui
745 1315 867 1378 tertius
893 1323 967 1378 erat
993 1315 1160 1380 sterilium
1175 1326 1265 1374 mond-

210 1430 391 1489 annorum,
423 1413 575 1476 exitialis
606 1413 800 1476 mortalitas
825 1414 1010 1478 crudeliter
1036 1416 1161 1496 ubique

210 1511 378 1575 seviebat
394 1518 429 1574 et
445 1511 574 1588 fames3
603 1531 681 1592 quae
695 1512 912 1593 pestilentie,
931 1523 1000 1577 tam
1019 1515 1161 1595 exigen-

210 1610 304 1673 tibus
324 1611 488 1691 peccatiS‚
508 1629 611 1692 quam
628 1631 673 1673 ex
691 1612 904 1692 praecedente
927 1614 1016 1676 aeris
1039 1614 1163 1677 intem·

209 1709 304 1791 peric
324 1718 359 1774 et
380 1729 541 1791 agrorum
567 1709 719 1790 generali
739 1710 933 1787 sterilitate,
951 1713 1081 1793 absque
1096 1712 1160 1775 du·

209 1808 268 1871 bio
284 1815 523 1890 pervenerunt.
569 1807 746 1890 Pauperes
764 1827 846 1871 vero
860 1808 1006 1872 diversis
1022 1810 1056 1872 in
1075 1809 1161 1874 locis

211 1907 257 1970 ob
281 1907 430 1970 inediam
459 1909 675 1970 tabescentes
702 1907 947 1983 moriebantur,
971 1927 1040 1969 nou
1064 1909 1160 1972 iuve-

211 2006 345 2070 uieutes
360 2005 628 2080 Samaritam,
648 2006 707 2086 qui
725 2025 785 2068 eos
803 2006 992 2068 stabulario
1017 2025 1160 2086 pascen-

210 2104 274 2168 dos
291 2105 520 2168 committeret
539 2104 595 2168 vel
610 2105 754 2168 vulnera
772 2105 994 2168 mortalitatis
1011 2114 1159 2169 curaret.

211 2202 442 2286 Eleemosyua
466 2203 616 2285 quidem,
641 2223 718 2284 quae
743 2204 847 2267 etiam
869 2204 1009 2268 divitias
1033 2223 1161 2284 augere

210 2302 313 2380 solet,
329 2303 456 2384 ubique
473 2303 610 2366 deserta
624 2302 830 2383 languebat3
858 2304 936 2366 dum
947 2304 1084 2379 diviteS,
1102 2305 1161 2384 qui

209 2400 245 2465 in
263 2402 420 2464 omuibus
436 2402 534 2464 bonis
550 2402 796 2483 temporalibus
812 2403 1047 2479 abundabant,
1062 2411 1161 2467 tanta

210 2501 369 2564 caecitate
396 2500 550 2583 percussi
577 2509 688 2577 erant,
716 2501 808 2583 quod
834 2501 988 2565 homines
1016 2501 1159 2565 Christi-

210 2617 297 2664 anos
321 2598 364 2664 ad
386 2598 571 2679 imaginem
595 2599 663 2662 Dei
684 2607 819 2663 creatos
844 2601 931 2663 mori
955 2620 999 2663 ex
1019 2600 1160 2664 alimen-

209 2704 325 2762 torum
352 2698 470 2780 iuopia
501 2699 741 2780 permiserunt.
804 2698 897 2762 Caeci
925 2699 1061 2780 quidem
1087 2701 1157 2762 fue·

210 2806 307 2874 runt,
321 2797 382 2879 qui
397 2817 466 2859 non
482 2816 528 2859 ex
545 2796 635 2860 dono
648 2797 726 2870 Dei,
743 2797 802 2859 sed
820 2798 961 2879 propria
976 2796 1158 2873 industria,

205 2896 344 2981 jactant
358 2915 395 2959 se
412 2895 552 2959 divitias
568 2895 803 2978 acquisivisse.
856 2895 914 2971 Et,
935 2895 964 2957 si
985 2894 1050 2957 hoc
1072 2916 1158 2976 quo-

209 3014 278 3078 quc
306 3007 407 3077 turpe
434 2994 500 3058 suit
526 2996 683 3057 omnibus
708 2993 916 3074 generaliter
939 2993 1158 3071 Christianis,

210 3095 448 3177 turpissimum
464 3101 578 3157 tamen
601 3094 738 3157 exstitit
760 3092 931 3176 episcopis
950 3102 984 3156 et
999 3092 1157 3157 ecclesia-

210 3213 286 3258 rum
311 3192 475 3275 praelatis,
503 3192 593 3256 uude
621 3193 712 3255 inter
736 3194 863 3275 primos
891 3213 936 3255 ex
964 3193 1049 3257 vitio
1074 3212 1158 3256 ava·

208 3294 298 3357 ritiae
312 3291 482 3356 notabiles
497 3290 704 3368 Walterum,
720 3292 973 3356 Eboraceusem
990 3292 1158 3374 archiepi-

208 3411 364 3474 scopum,
393 3410 485 3473 pouo
514 3392 649 3454 caeteris
675 3392 712 3453 iu
738 3393 956 3473 exemplum
985 3392 1029 3454 ad
1057 3412 1158 3474 quem

208 3510 287 3555 cum
302 3489 478 3554 venissent
495 3489 718 3570 plurimorum
736 3491 966 3553 maneriorum
982 3493 1160 3571 praepositi

208 3591 340 3673 pariter
356 3596 390 3652 et
408 3589 555 3652 ministri
577 3588 810 3665 ostendentes,
834 3588 925 3670 quod
949 3589 983 3650 iu
1007 3589 1091 3650 locis
1107 3590 1158 3651 di·

209 3689 318 3753 versis
345 3688 491 3751 multum
514 3687 636 3751 habuit
654 3688 794 3751 bladum
816 3686 1063 3768 quinquennali
1084 3687 1158 3768 jam

208 3795 363 3869 tempore
385 3787 625 3863 inveteratum,
648 3786 739 3870 quod
760 3786 862 3849 nimis
883 3785 1056 3848 habebant
1082 3804 1158 3848 sus·

208 3895 359 3971 pactum,
388 3892 428 3948 ut
452 3886 506 3949 vel
537 3905 558 3947 a
589 3886 755 3949 soricibus
782 3893 873 3947 esset
900 3902 1075 3946 corrosum
1105 3885 1159 3947 vel

208 3986 429 4068 corruptione
459 3985 577 4067 aliqua
610 3986 852 4066 putrefactum,
880 3982 1158 4064 archiepiscopus

209 4093 338 4162 autem,
366 4104 434 4147 non
463 4085 593 4147 habens
619 4085 653 4146 iu
680 4091 778 4148 tanta
800 4083 1005 4146 necessitate
1025 4101 1087 4144 uec
1115 4083 1159 4145 ad

210 4184 397 4249 Dominum
423 4204 485 4248 nec
508 4184 550 4250 nd
575 4203 744 4268 pauperes
769 4192 973 4267 respectum,
995 4183 1160 4266 praecepit
