2978 4996
359 447 499 496 rnonss
523 447 790 497 msromnnou.
988 435 1053 498 139

98 605 383 669 hamtunensibus
417 607 509 688 cepit
536 606 578 669 de
603 606 735 669 auxilio
761 604 854 670 mille
885 607 991 672 libras
1017 616 1052 672 et
1065 623 1121 664 Aa).
1132 625 1187 663 ¹²²⁷·

97 705 277 781 ducentas,
310 711 436 786 praeter
468 705 625 786 quintam
655 705 835 782 decimam,
866 725 970 787 quam
992 728 1052 788 ge-

99 804 264 867 neraliter
285 823 404 868 omues
428 804 472 867 de
497 824 604 884 regno
630 802 770 885 Angliae
794 806 1051 886 persolvebant.

99 902 279 984 Compulsi
292 911 375 968 sunt
389 904 493 968 etiam
509 904 574 966 viri
590 903 742 984 religiosi
766 912 800 966 et
816 904 931 967 clerici
950 905 1052 968 bene-

100 1002 207 1066 ficiati
229 1002 318 1065 hauc
340 1003 497 1085 quintam
521 1000 688 1065 decimam
709 1002 792 1067 dare
814 1004 965 1066 omnium
991 1005 1052 1068 bo·

100 1120 221 1164 uorum
233 1120 388 1176 suorum,
403 1108 474 1165 tam
492 1120 605 1164 rerum
619 1101 932 1165 ecclesiasticarum
948 1121 1051 1184 quam

99 1199 286 1278 laicarum;
314 1218 376 1264 nec
395 1200 526 1282 prosuit
539 1201 589 1264 eis
610 1199 798 1281 appellatio
816 1201 860 1264 ad
877 1201 1051 1265 dominum

100 1317 224 1380 papam
257 1300 474 1381 interposita,
502 1299 576 1376 sed,
609 1298 729 1362 ordine
760 1300 913 1374 turbato,
942 1300 1053 1366 archi·

100 1398 253 1479 episcopi
276 1406 310 1462 et
327 1398 494 1481 episcopi,
510 1398 718 1463 auctoritate
737 1399 866 1480 papali,
886 1419 948 1481 per
971 1420 1051 1463 cen·

99 1515 216 1561 suram
245 1497 524 1572 ecclesiasticam,
556 1515 643 1577 quos
677 1497 767 1560 laica
795 1505 952 1579 potestas
984 1520 1052 1562 non

99 1597 225 1677 potuit,
264 1595 307 1659 ad
343 1597 550 1660 solutionem
587 1596 680 1659 omni
710 1596 896 1661 destitutos
927 1597 1052 1662 solatio

100 1694 350 1776 compulerunt.

135 1865 286 1945 Quomodo
303 1888 356 1931 rac
371 1867 408 1932 iu
424 1866 553 1932 concilio
567 1865 658 1951 epod
672 1865 825 1931 Osculum
842 1867 1032 1955 loditosecil

327 1966 499 2030 cancellare
513 1975 623 2032 *carim
637 1964 825 2030 libertatum.

164 2090 294 2154 Eodem
311 2098 465 2172 tempore
481 2110 543 2153 rex
563 2086 772 2171 Anglorum‚
788 2110 904 2154 mense
921 2091 1051 2154 Febru-
1064 2111 1151 2151 aanor
1165 2112 1214 2152 aaa

102 2190 176 2254 ario
202 2189 295 2271 apud
313 2190 487 2253 Oxoniam
513 2190 658 2253 concilio
676 2197 902 2271 congregato,
922 2190 1053 2254 denun-

101 2289 203 2352 tiavit
219 2308 334 2352 coram
349 2289 508 2353 omnibus
526 2307 564 2352 se
579 2286 744 2369 legitimae
767 2309 843 2352 esse
866 2289 993 2367 aetatis,
1013 2298 1053 2354 ut

101 2387 144 2451 de
161 2397 288 2452 caetero
304 2388 440 2451 solutus
468 2406 489 2450 a
508 2387 667 2451 custodia
691 2388 789 2469 regia
814 2390 954 2470 negotia
976 2392 1051 2472 ipse

1064 2165 1086 2201 ut
1093 2162 1180 2202 oriere.

102 2486 340 2569 principaliter
354 2486 552 2564 ordinaret;
579 2486 679 2549 etsie
703 2488 763 2568 qui
783 2488 879 2569 prius
901 2496 1050 2552 tutorem

102 2585 223 2650 habuit
264 2594 299 2651 et
333 2595 500 2650 rectorem
534 2585 745 2649 Willelmum
782 2586 1050 2651 Mareschallum

100 2684 183 2748 dum
208 2686 352 2762 viveret,
375 2692 410 2749 ot
430 2684 648 2767 postmodum
666 2683 1051 2760 Petrum‚Wintonien·

101 2804 174 2848 sem
201 2785 414 2866 episcopum,
440 2784 595 2847 excussit
622 2802 659 2846 se
685 2802 747 2864 per
768 2781 947 2846 consilium
971 2783 1050 2846 Hu-

102 2883 190 2947 berti
219 2883 263 2946 de
289 2883 421 2964 Burgo,
439 2882 626 2966 justiciarii
647 2882 757 2963 regni,
778 2881 820 2945 de
845 2882 989 2945 consilio
1016 2892 1052 2946 et

101 2983 352 3063 gubernatione
380 2982 463 3045 dicti
491 2980 645 3064 episcopi
669 2989 705 3044 et
724 3000 877 3058 suorum,
898 2981 958 3063 qui
979 2981 1051 3063 regi

103 3080 241 3145 fucrant
263 3082 360 3163 prius
390 3081 489 3163 quasi
522 3080 717 3163 paedagogi,
741 3081 791 3144 ita
815 3080 907 3163 quod
932 3099 1051 3145 omnes

103 3180 182 3243 illos
205 3200 227 3244 a
246 3181 342 3243 curia
365 3199 430 3243 sua
455 3187 490 3244 et
511 3179 769 3243 cohabitatione
799 3181 956 3244 removit.
1008 3179 1052 3244 In

101 3279 221 3343 eodem
248 3279 366 3360 itaque
387 3279 533 3342 concilio
558 3278 647 3342 idem
676 3299 739 3342 rex
762 3279 844 3344 lecit
862 3280 1052 3343 cancellare

103 3385 137 3441 et
158 3396 297 3441 cassare
317 3397 437 3441 omnes
459 3377 597 3441 chartas
619 3377 662 3441 de
684 3379 869 3459 provinciis
895 3381 1053 3442 omnibus

104 3477 202 3558 regni
230 3475 368 3558 Angliae
388 3477 431 3540 de
454 3477 672 3540 libertatibus
707 3476 845 3541 lorestae
868 3484 1052 3559 postquam

99 3575 173 3659 jam
192 3595 254 3657 per
268 3576 442 3640 biennium
459 3577 495 3640 in
511 3583 586 3640 toto
608 3595 715 3657 regno
737 3576 874 3639 fuerant
896 3575 1052 3654 usitatae3

102 3674 191 3738 hanc
217 3676 433 3739 occasionem
462 3674 692 3756 praetendens,
715 3674 807 3756 quod
830 3673 960 3737 chartae
983 3673 1052 3736 illae

102 3793 276 3838 concessae
290 3773 437 3850 fuerant,
451 3782 486 3839 et
496 3774 674 3838 libertates
691 3775 829 3855 scriptae
843 3780 878 3836 et
892 3772 1053 3853 signatae,

102 3872 184 3936 dum
217 3875 292 3957 ipse
329 3881 405 3938 erat
430 3875 494 3937 sub
522 3873 692 3949 custodia,
725 3891 788 3935 nec
818 3872 872 3934 sui
899 3872 1053 3953 corporis

103 3980 165 4036 aut
194 3971 302 4054 sigilli
335 3972 487 4055 aliquam
522 3972 681 4036 habuerit
715 3978 934 4052 potestatem,
964 3970 1054 4034 unde

102 4072 235 4135 viribus
262 4091 379 4137 carcre
402 4072 532 4150 debuit,
562 4072 653 4153 quod
683 4070 757 4133 sinc
785 4071 917 4134 ratione
944 4070 1056 4133 suerat

104 4179 321 4253 usurpatum.
372 4173 480 4237 Facta
503 4180 554 4235 ost
578 4179 693 4236 autem
716 4171 894 4254 superbis
916 4171 952 4236 iu
975 4190 1055 4234 con-
