2978 4996
386 456 526 504 enonas
549 452 819 508 meramnum
1037 447 1082 510 57

126 613 364 678 fortitudinem
383 612 548 677 audacter
565 613 768 678 invadentes
781 614 825 678 de
840 616 961 697 praelio
972 618 1081 698 turpi·
1093 635 1148 676 no.
1161 636 1217 676 nn.

126 722 181 777 ter
196 712 409 795 fugaverunt
423 719 458 776 et
469 713 580 776 multa
597 733 641 776 ex
660 713 710 777 eis
728 713 837 777 millia
850 722 1078 797 peremerunt.

210 886 356 960 Qualiter
370 886 528 955 aaaron
543 907 670 971 raparum
684 887 883 952 Hierusalem
896 887 1005 952 obtulit

274 984 562 1061 Christicolarum
576 980 748 1050 Damieto¹
756 986 935 1050 recederent

179 1109 352 1175 Soldanus
383 1111 501 1191 igitur,
530 1111 730 1175 convocatis
763 1111 983 1192 magnatibus
1007 1109 1235 1175 suiSPr⁰l³⁰⁸¹h⁰f

130 1216 166 1274 et
185 1209 390 1274 consiliariis
418 1209 638 1286 fidelissimis,
669 1210 750 1272 dum
779 1218 869 1274 esset
892 1211 928 1272 in
955 1210 1102 1273 mentis·
1092 1186 1185 1314 1:131:
1172 1225 1197 1264 t

131 1309 276 1391 angaria
299 1308 520 1383 constitutus,
543 1327 659 1372 coram
681 1308 732 1371 eis
756 1316 810 1372 est
828 1308 964 1372 locutus
990 1307 1081 1372 bunc

132 1409 167 1471 in
183 1407 341 1484 modum3
365 1406 508 1483 ‘Deus‚'
525 1408 649 1490 inquit,
667 1406 965 1471 ‘Christianorum
986 1427 1083 1488 mag-

133 1525 199 1571 nus
230 1513 295 1583 est,
326 1505 436 1569 fidelis
464 1513 500 1569 et
521 1515 645 1587 potens
678 1507 713 1568 in
742 1507 872 1589 praelio,
904 1507 996 1588 quod
1019 1526 1082 1570 nos

132 1605 432 1687 comprobavimus
466 1624 597 1682 omnes,
627 1613 663 1669 et
688 1608 838 1669 maxime
869 1607 905 1668 in
935 1606 1000 1669 hoc
1030 1606 1082 1667 in·

133 1705 242 1768 stanti
271 1703 431 1782 articulo,
459 1704 496 1766 in
527 1724 595 1786 quo
629 1705 811 1768 manifeste
843 1712 977 1787 pugnat
1003 1724 1085 1768 con-

134 1812 190 1867 tra
224 1823 288 1867 nos
318 1822 381 1884 pro
413 1803 559 1866 inimicis
590 1804 730 1879 nostris,
761 1810 796 1867 et
826 1803 946 1885 procul
979 1803 1084 1866 dubio

134 1903 248 1965 inanis
280 1902 346 1966 erit
377 1903 470 1965 actio
501 1909 620 1965 nostre
652 1908 738 1978 tota,
772 1902 936 1984 quamdiu
966 1900 1084 1965 fidelos

133 2002 246 2083 ipsum
279 2000 456 2064 habebunt
483 2000 684 2082 placabilem
717 1999 920 2083 adjutorem.
982 2000 1084 2077 Ecce,

133 2099 291 2163 imminet
312 2100 428 2180 captio
453 2100 637 2176 Damietae,
660 2119 738 2181 quae
764 2099 873 2162 clavis
902 2105 954 2162 est
977 2099 1084 2161 totius

135 2200 304 2281 AEgypti3
328 2217 406 2282 quae
428 2199 458 2261 si
480 2206 583 2281 capta
603 2198 719 2276 suerit,
737 2198 772 2261 in
792 2199 988 2262 maximum
1006 2217 1085 2261 nos-

133 2305 226 2361 trum
260 2305 296 2361 et
326 2296 414 2379 legis
453 2305 581 2361 nostrae
620 2298 800 2380 proveniet
829 2298 1085 2374 detrimentum,

133 2398 229 2480 quia,
254 2416 333 2460 cum
362 2395 538 2466 multoties
570 2397 708 2478 legatur
736 2415 758 2459 a
789 2396 996 2461 Christianis
1023 2398 1085 2460 ob·

133 2515 243 2572 sessa,
265 2514 442 2577 nunquam
462 2502 578 2558 tamen
595 2496 723 2577 legitur
740 2497 940 2580 subjugata.
984 2495 1084 2559 Unde

134 2595 234 2658 nobis
263 2595 348 2657 utile
376 2613 466 2670 reor,
492 2601 532 2657 ut
554 2595 736 2658 reddamus
766 2596 843 2660 Deo
870 2595 1085 2659 Christiano-

135 2714 211 2756 rum
235 2713 277 2757 ea
300 2712 380 2775 quae
402 2713 467 2757 sua
489 2693 629 2757 fuerunt
651 2695 776 2769 omnia,
811 2714 853 2757 ne
875 2694 979 2757 simul
1006 2713 1084 2756 cum

134 2793 207 2856 suis
230 2791 367 2856 auferat
388 2812 410 2856 a
433 2793 531 2856 nobis
555 2811 634 2875 quae
659 2801 778 2855 nostra
803 2811 879 2855 esse
901 2792 1083 2872 videntnr3

134 2892 252 2975 sicque
287 2910 365 2955 cum
390 2891 509 2975 justus
538 2890 585 2955 sit
608 2898 644 2954 et
669 2891 783 2954 aliena
805 2911 873 2954 non
903 2890 1084 2972 concupis·

136 2999 205 3068 cat,
242 2991 273 3053 si
307 2991 396 3054 hanc
436 3010 557 3073 pacem
593 2989 786 3054 recusarint
818 2999 854 3054 et
884 2989 1084 3071 aequitatem

136 3089 337 3167 Christiani,
367 3091 519 3153 maxime
545 3090 610 3152 sibi
634 3097 706 3153 tam
735 3089 982 3167 honorabilem,
1005 3109 1085 3171 pro·

135 3190 309 3252 vocabunt
329 3189 443 3251 Deum
466 3208 566 3252 suum
589 3189 624 3251 in
649 3189 766 3252 odium
790 3191 845 3252 sui
871 3209 933 3271 per
957 3209 1084 3253 concu-

133 3287 339 3370 piscentiam
366 3288 533 3370 iniquam,
567 3295 602 3350 et
630 3289 680 3351 sic
710 3290 935 3371 superborum
966 3307 1084 3371 asper-

134 3394 236 3450 nator
262 3387 307 3449 ab
340 3387 390 3450 eis
417 3385 565 3463 recedet,
596 3386 838 3469 habebuntque
863 3389 1083 3471 impugnato·

132 3505 218 3562 rem,
234 3505 336 3568 quem
352 3484 545 3549 habuerunt
560 3487 746 3568 propitium
768 3487 986 3570 adjutorem'
1038 3487 1085 3550 Et

135 3583 216 3648 licet
237 3585 302 3649 hoc
326 3585 506 3648 consilium
530 3586 648 3648 multis
670 3585 879 3668 displiceret,
901 3586 1016 3647 missis
1032 3593 1085 3647 ta-

135 3702 214 3746 men
239 3685 370 3747 nuntiis
393 3683 600 3748 Christianis
629 3678 773 3748 ²obtulit
793 3703 910 3747 veram
937 3702 1086 3759 crucem,

137 3801 216 3865 quae
244 3782 325 3846 olim
353 3801 375 3845 a
402 3782 590 3846 Salaadino
617 3791 721 3865 capta
749 3783 873 3860 suerat,
903 3801 979 3844 curn
1004 3800 1086 3862 cap·

138 3882 220 3944 tivis
240 3882 398 3945 omnibus
416 3883 474 3964 qui
497 3901 559 3965 per
580 3901 724 3963 regnum
748 3880 936 3963 Babylonis
960 3889 996 3944 et
1014 3880 1088 3943 Da-

136 3980 245 4044 masci
283 3981 355 4044 vivi
393 3989 555 4062 poterant
589 3981 743 4063 reperiri,
779 3999 857 4043 cum
892 3980 1087 4062 sumptibus

170 4125 363 4198 ¹Recederent.]
388 4130 581 4181 ‘Recederet''
573 4146 599 4180 ur
625 4131 658 4179 de
676 4131 843 4193 Vitriaco,p.
864 4136 945 4193 11403
970 4147 1088 4194 compare

134 4200 193 4249 MS.
628 4201 762 4266 Michaud,
774 4202 845 4253 Hist.
856 4203 902 4253 des
918 4203 1020 4254 Grais.
1013 4203 1050 4253 rii.
1062 4218 1090 4265 p.

170 4266 294 4320 ’Obtulit
304 4285 387 4321 reram
402 4265 518 4338 crucem]
542 4270 600 4321 lac.
628 4275 686 4323 loo.
