2978 4996
395 451 439 515 ‘24
647 466 781 514 aoonru
802 466 851 513 nn
875 465 1083 514 wanoovna

237 641 291 679 sn.
303 639 359 679 ¹²¹⁷·
400 623 503 705 Capti
523 631 604 686 sunt
622 622 727 687 etiam
746 624 905 698 baroneS,
927 615 1121 686 ¹Robertus
1140 620 1348 686 lilius-Wal-

236 691 345 778 ἷιήιῖῗῗῖιη
400 723 476 797 teri,
516 721 711 785 Richardus
742 721 786 785 de
821 720 1041 797 Muntfichet,
1074 718 1272 785 Willelmus
1305 720 1348 786 de

237 787 332 828 Hm
401 820 552 898 Mubrai,
573 821 771 886 Willelmus
797 819 840 883 de
874 819 1127 902 Bello-campo,
1151 817 1349 884 willelmus

402 919 563 996 Maudut,
595 920 768 984 Oliverius
802 918 847 981 de
879 918 1074 994 Haencurt,
1109 917 1272 998 Rogerns
1304 919 1348 982 de

401 1017 523 1094 Creisi,
553 1018 750 1084 Willelmus
781 1017 825 1080 de
860 1016 1043 1092 Colevilla,
1071 1015 1270 1081 Willelmus
1307 1018 1349 1081 de

401 1116 487 1193 Ros,
511 1116 687 1181 Robertus
708 1117 751 1181 de
778 1115 948 1199 Roppele,
971 1114 1178 1197 Radulphus
1203 1115 1351 1180 Chainc-

400 1216 476 1292 dut,
499 1225 534 1280 et
551 1216 610 1281 alii
626 1217 739 1293 multi,
757 1235 844 1298 quos
862 1215 1004 1296 longum
1027 1221 1119 1278 esset
1136 1234 1348 1282 enumerare.

402 1313 506 1396 Capti
532 1324 612 1380 sunt
630 1317 734 1379 etiam
758 1313 884 1378 milites
908 1314 1065 1390 trecenti,
1091 1322 1217 1396 praeter
1239 1316 1348 1378 servi·

402 1421 511 1489 enteS,
534 1414 668 1496 equites
691 1420 726 1478 et
744 1413 890 1496 pediteS,
910 1413 971 1495 qui
993 1411 1094 1476 facile
1117 1414 1182 1476 sub
1206 1433 1350 1478 numero

402 1532 471 1575 non
501 1513 682 1577 cadebant.
743 1511 867 1575 Comes
894 1512 1107 1576 Perticensis
1131 1513 1167 1575 in
1195 1514 1350 1594 pomerio

401 1611 583 1693 hospitalis
609 1619 711 1675 extra
734 1611 852 1676 villam
877 1611 1034 1694 sepultus
1062 1618 1127 1674 est.
1181 1610 1350 1691 Reginal·

354 1724 356 1728 ⁴
401 1710 465 1772 dus
488 1710 592 1774 etiam
616 1716 845 1792 cognomento
871 1709 1011 1786 Crocus,
1035 1709 1134 1772 miles
1154 1709 1196 1773 de
1218 1708 1351 1776 familia

403 1809 565 1886 Falcasii,
582 1810 635 1873 vir
653 1817 826 1885 strenuus,
844 1809 892 1872 ibi
914 1809 1115 1873 interfectus
1130 1815 1185 1872 est
1205 1816 1241 1873 et
1255 1809 1349 1891 apud

401 1909 574 1972 abbatiam
593 1907 635 1972 de
651 1908 841 1972 Crocstune
861 1907 1047 1972 honorifice
1066 1907 1233 1990 sepultus.
1288 1908 1350 1971 In·

401 2006 565 2072 terfectus
595 2015 648 2071 est
666 2017 836 2091 praeterea
859 2007 896 2070 in
923 2006 983 2070 illo
1009 2005 1171 2070 conflictu
1193 2005 1349 2072 serviens

400 2107 540 2188 quidam
572 2126 617 2171 ex
653 2115 753 2189 parte
789 2108 970 2182 baronum,
1003 2106 1162 2168 omnibus
1193 2105 1348 2185 ignotus,

400 2207 459 2288 qui
482 2212 583 2269 extra
613 2207 790 2269 civitatem
814 2205 850 2267 in
876 2204 1057 2288 quadrivio
1087 2205 1187 2285 quasi
1209 2223 1348 2268 excom·

400 2305 595 2367 municatus
623 2303 779 2386 sepultus
809 2309 874 2366 est.
926 2303 992 2367 Isti
1017 2311 1087 2366 tres
1112 2304 1350 2368 tantummodo

401 2422 446 2465 ex
469 2402 628 2466 omnibus
650 2402 794 2467 intanti
815 2402 1012 2466 discrimine
1031 2401 1114 2467 belli
1133 2403 1237 2467 occisi
1259 2403 1350 2468 refe·

401 2510 534 2565 runtur.

619 2601 669 2665 De
682 2601 790 2686 spoliis
805 2601 944 2668 cinitota'r
957 2609 985 2667 et
1000 2601 1134 2687 rapinis.

240 2728 366 2817 flffiii'f‘
455 2722 524 2787 His
548 2725 598 2788 ita
620 2726 740 2806 gestis,
765 2725 972 2790 invenerunt
994 2725 1082 2807 regii
1107 2724 1292 2788 bellatores
1315 2728 1350 2791 in

317 2787 330 2826 y
402 2823 527 2903 plateis
558 2825 709 2888 civitatis
738 2826 839 2906 bigas
870 2826 1038 2888 baronum
1068 2831 1103 2887 et
1127 2823 1351 2903 Francorum,

403 2940 478 2985 cum
513 2924 709 2986 summariis
740 2931 776 2987 et
807 2923 952 2987 sarcinis
984 2923 1078 2988 vasis
1111 2924 1284 3004 argenteis
1315 2933 1350 2987 et

402 3023 500 3084 varia
529 3021 734 3104 supellectili
767 3022 868 3085 simul
897 3030 932 3087 et
960 3020 1166 3085 utensilibus
1194 3029 1350 3098 onustas,

403 3137 480 3199 qnae
509 3121 625 3182 omnia
650 3121 686 3181 in
712 3138 797 3182 usus
827 3139 944 3184 eorum
976 3123 1051 3183 sine
1079 3120 1352 3184 contradictione

403 3225 591 3280 cesserunt.
671 3217 829 3298 Spoliata
860 3220 979 3301 itaque
1013 3218 1155 3283 civitate
1188 3220 1352 3284 universa

404 3334 511 3397 usque
538 3316 581 3380 ad
606 3316 762 3381 ultimum
787 3317 1027 3400 quadrantem,
1050 3317 1213 3380 ecclesias
1232 3337 1352 3382 omnes

404 3416 511 3478 totius
536 3416 631 3478 urbis
656 3425 907 3498 consequenter
931 3417 1132 3498 spoliantes,
1156 3435 1255 3480 arcas
1277 3418 1355 3480 uni-

404 3532 523 3577 versas
546 3534 623 3577 curn
653 3517 810 3578 armariis
838 3516 1015 3579 securibus
1041 3534 1082 3579 ac
1105 3515 1238 3580 malleis
1269 3535 1348 3579 con·

403 3611 591 3692 fregerunt,
614 3614 788 3696 rapientes
811 3616 846 3679 in
870 3615 919 3677 eis
948 3633 1069 3676 aurum
1100 3622 1136 3677 et
1157 3622 1351 3695 argentum,

404 3730 538 3793 pannos
568 3714 680 3776 omnis
711 3713 835 3776 coloris
861 3731 902 3776 ac
928 3713 1109 3776 muliebria
1137 3722 1353 3791 ornamenta,

404 3812 552 3875 annulos
581 3830 716 3887 aureos,
743 3831 820 3875 cunr
851 3812 990 3894 scyphis
1018 3819 1053 3875 et
1074 3812 1248 3894 lapidibus
1274 3833 1353 3894 pre·

438 4015 579 4066 'liebertus
593 4017 809 4081 fitius-Woltm'.]
833 4019 864 4067 ln
890 4019 1048 4079 Monttichet,
1070 4019 1245 4081 Beanohamp,
1268 4021 1353 4070 Chen·

402 4086 444 4133 the
470 4087 544 4134 Close
572 4087 642 4135 Rolls
664 4101 723 4147 may
745 4088 776 4136 be
804 4102 864 4137 seen
890 4088 946 4136 duit
957 4089 1008 4137 and
1019 4089 1113 4150 others,
1124 4090 1182 4138 who
1198 4091 1355 4142 retumedto

402 4155 473 4201 write
485 4159 510 4201 to
521 4155 563 4203 the
580 4155 679 4203 eherilss
694 4157 811 4219 ordering
822 4157 864 4206 the
890 4157 955 4207 their
966 4158 1106 4220 allegiance
1117 4163 1143 4208 to
1154 4158 1197 4208 tbe
1209 4159 1280 4222 king.

401 4223 544 4272 restitution
555 4223 584 4272 ol
592 4224 665 4274 lunds
676 4230 702 4273 to
711 4226 866 4288 Fitzwalter,
