2978 4996
262 612 316 652 Μ).
329 609 384 651 1217.

266 2784 321 2825 Μ).
332 2785 389 2826 121⁸.

265 2834 326 2883 siege
335 2834 359 2873 ol

264 2883 363 2923 Nervam.
381 2927 383 2931 7

419 424 464 488 34
679 442 814 489 nocant
837 442 886 488 nu
909 440 1117 489 wanoovaa

424 615 531 661 naves
553 615 685 679 magno
704 597 819 661 studio
839 596 1024 660 fabricatas
1048 594 1194 676 ingressi
1217 602 1310 673 sunt,
1334 603 1373 660 ut

424 703 508 761 vota
532 716 605 760 suae
626 695 913 779 peregrinationis
939 694 1160 758 exsolverent
1182 694 1373 772 crucifixo,

424 797 484 877 qui
517 795 692 860 sulcantes
724 814 867 877 aequora
894 794 980 859 velis
1019 793 1231 876 patentibus,
1261 794 1374 877 major

423 914 505 977 pars
530 914 648 959 eorum
670 914 747 958 cunr
777 912 904 975 magna
929 892 1135 956 bellatorum
1159 893 1288 956 virtute
1311 912 1373 974 ap·

424 993 546 1075 plicuit
575 993 812 1071 Lissebouam,
846 992 905 1055 ubi
937 992 1028 1055 iuter
1058 1010 1117 1054 eos
1150 998 1274 1056 exorta
1302 991 1376 1055 dis·

424 1093 539 1156 sensio
562 1092 605 1176 ¹in
631 1092 810 1157 obsidione
843 1091 1024 1174 cujusdam
1056 1091 1161 1153 castri
1183 1090 1374 1169 fortissimi,

426 1192 517 1272 quod
532 1190 701 1255 Alchacia
717 1199 948 1273 nuncupatur,
966 1189 1171 1272 quibusdam
1188 1189 1374 1270 procedere

425 1291 655 1371 cupientibus,
691 1290 768 1354 aliis
801 1289 925 1352 ibidem
961 1288 1157 1353 volentibus
1186 1287 1373 1370 hyemare3

426 1389 545 1469 sicque
563 1389 674 1453 classe
690 1388 815 1464 divisa,
831 1406 913 1470 pars
930 1385 1022 1470 apud
1040 1381 1216 1470 ¹(lajetam
1235 1393 1271 1450 et
1287 1386 1375 1451 Tor-

426 1493 545 1550 netum
579 1486 764 1569 hyemavit,
797 1494 831 1549 et
860 1506 940 1569 pars
977 1487 1088 1550 altera
1121 1485 1207 1550 dnos
1243 1484 1374 1549 habens

426 1585 639 1667 capitaneos,
655 1585 868 1649 Willelmum
890 1585 1023 1649 scilicet
1042 1584 1231 1648 Holandiae
1252 1584 1375 1648 ducem

426 1690 462 1745 et
483 1684 643 1747 comitem
669 1683 712 1747 de
734 1680 834 1747 Weiz
857 1683 1061 1765 Georgium,
1084 1682 1286 1747 Alchaciam
1312 1685 1374 1748 ob·

426 1782 528 1858 sedit,
551 1783 609 1863 qui
634 1801 712 1846 cum
739 1781 851 1846 adhuc
872 1784 908 1847 iu
935 1783 1112 1847 obsidione
1141 1789 1269 1859 essent,
1291 1801 1375 1845 cou-

425 1889 572 1961 gregata
603 1889 657 1946 est
688 1889 809 1946 contra
845 1902 904 1946 eos
939 1881 1187 1944 Saracenorum
1219 1881 1375 1944 maxima

426 1979 623 2057 multitudo,
652 1989 773 2045 contra
804 1999 908 2063 quam
938 1979 1056 2043 fideles
1084 1980 1228 2045 viriliter
1257 1979 1376 2044 decer-

427 2084 541 2142 tantes
567 2080 696 2144 virtute
725 2079 843 2143 diviua
873 2078 1029 2142 infideles
1058 2079 1227 2143 vicerunt.
1294 2077 1374 2142 Rex

426 2196 515 2240 unus
544 2196 757 2259 paganorum
788 2178 924 2241 occisus
947 2185 1012 2253 est,
1035 2184 1070 2241 et
1091 2177 1191 2241 multi
1211 2175 1375 2241 trucidati

427 2282 532 2356 atque
559 2276 595 2338 in
624 2275 860 2358 captivitatem
892 2275 1054 2353 adducti;
1090 2275 1269 2339 castellum
1291 2295 1375 2339 vero

427 2372 564 2436 taudem
589 2393 651 2454 per
668 2374 903 2438 Teuthouicos
924 2382 1066 2456 captum
1089 2380 1143 2438 est
1160 2382 1233 2438 eta
1254 2372 1373 2437 Chris·

427 2471 532 2533 tianis
551 2490 759 2553 possessum.

440 2637 490 2701 De
504 2637 656 2705 obsidione
674 2643 792 2707 castelli
809 2643 846 2707 alc
860 2644 989 2708 Nemore
1002 2653 1030 2707 et
1045 2642 1175 2709 Robcrto
1188 2643 1226 2707 de
1243 2644 1357 2729 Gaapi.

477 2760 581 2828 Auno
607 2765 729 2847 gratiae
755 2783 935 2831 ncoxvrn.
959 2785 1022 2829 rex
1044 2764 1220 2830 Hearicus
1246 2767 1289 2831 ad
1317 2786 1376 2831 na-

428 2861 498 2925 tale
524 2863 665 2928 Domini
694 2865 760 2929 luit
786 2865 876 2948 apud
910 2863 1188 2942 Norbantonam,
1215 2866 1376 2930 Falcasio

427 2961 533 3041 regiae
560 2962 741 3028 festivitati
770 2964 964 3027 necessaria
996 2964 1111 3026 omnia
1144 2965 1373 3029 ministrante.

428 3058 540 3121 Erant
561 3068 677 3123 autem
707 3060 760 3123 his
792 3061 912 3124 diebus
941 3061 1041 3125 multi
1067 3063 1104 3124 in
1132 3060 1273 3144 Anglia,
1296 3063 1374 3145 qui-

427 3156 492 3217 bus
512 3164 666 3237 tempore
692 3158 774 3222 belli
804 3160 973 3241 praeteriti
996 3160 1233 3224 dulcissimum
1259 3161 1374 3226 fuerat

427 3253 470 3316 de
502 3255 633 3335 rapinis
657 3257 799 3333 vixisse,
828 3258 918 3321 unde
943 3276 1034 3321 nunc
1066 3268 1146 3341 post
1167 3278 1289 3342 pacem
1317 3259 1376 3325 de-

427 3352 620 3416 nuntiatam
644 3362 679 3418 et
698 3357 857 3420 omuibus
876 3375 1074 3420 concessam
1096 3377 1166 3421 nou
1187 3365 1375 3439 potuerunt

427 3468 550 3513 manus
580 3470 602 3514 a
626 3454 744 3535 praeda
771 3455 956 3534 cohibere;
988 3455 1110 3519 horum
1137 3463 1253 3520 autem
1281 3457 1374 3539 prin·

426 3549 556 3631 cipales
578 3550 717 3617 fuerunt
736 3552 942 3630 incentores,
959 3552 1158 3618 Willelmus
1178 3574 1292 3619 comes
1309 3554 1373 3619 Al·

425 3647 612 3727 bemarliae,
640 3651 820 3716 Falcasius
850 3672 929 3717 cum
957 3653 1030 3715 suis
1057 3653 1268 3731 castellanis,
1299 3652 1374 3717 Ro·

424 3745 542 3811 bertus
592 3748 635 3812 de
669 3749 926 3832 Veteri-ponte,
966 3750 1114 3816 Brienus
1157 3752 1200 3815 de
1240 3751 1374 3829 Insula,

425 3842 535 3927 Hugo
558 3846 601 3910 de
627 3847 767 3927 Baillul,
790 3849 974 3933 Philippus
1008 3849 1120 3913 Marci
1142 3857 1178 3914 et
1198 3851 1374 3915 Robertus

423 3942 467 4006 de
486 3942 615 4027 Gargi,
631 3966 708 4011 cum
730 3949 809 4012 aliis
831 3948 961 4028 multis,
980 3949 1040 4030 qui
1057 3948 1203 4014 castella
1220 3969 1372 4032 quorun·

459 4115 584 4178 ¹Ca7‘etam
595 4121 780 4187 etToraetamJ
797 4124 884 4174 ‘Gae-
908 4128 1082 4187 aco,p.llbl;
1099 4126 1222 4188 probably
1230 4125 1269 4175 lor
1278 4125 1374 4177 Gaetta

421 4190 507 4235 tamct
515 4187 650 4238 cornetum
659 4187 677 4250 ς’
695 4192 754 4242 Jac.
766 4193 883 4242 deVitri·
908 4195 959 4245 and
970 4195 1096 4245 Surrento.
