2978 4996
363 434 429 499 81⁰
626 447 760 497 uoonur
786 447 833 495 ou
856 444 1064 494 wsunorna

205 623 260 663 nn.
271 623 326 661 12³⁴-
366 606 425 688 qui
449 611 489 667 nt
512 623 582 686 pax
607 604 704 668 fieret
722 602 833 667 modis
854 602 1014 665 omnibus
1035 600 1250 682 suspirabat,
1273 601 1322 666 ie-

367 706 417 768 cit
438 723 631 767 convocare
661 722 723 785 per
751 703 870 767 literas
893 719 975 763 suus
997 699 1161 764 exulatus
1187 719 1321 774 omnes,

369 811 409 867 ut
425 803 583 866 venirent
601 802 693 885 apud
710 800 935 865 Gloverniam
954 798 1140 861 Dominica
1160 801 1324 881 proxima

368 910 449 965 aute
470 901 704 965 ascensionem
722 900 876 975 Domini,
901 904 1027 979 quarto
1048 888 1182 960 scilicet
1200 896 1323 962 kalen-

368 1001 431 1063 das
448 998 558 1075 Junii,
584 999 627 1062 ad
653 998 871 1081 colloquium,
891 996 1063 1077 recepturi
1078 995 1220 1078 plenam
1239 1016 1321 1078 gra-

370 1101 453 1162 tiam
477 1098 588 1179 ipsius
610 1117 689 1162 cum
711 1095 969 1161 haereditatibus
991 1095 1091 1173 suis3
1121 1102 1158 1158 et
1178 1094 1246 1159 hoc
1267 1095 1320 1159 ia·

370 1205 487 1261 carent
508 1197 601 1260 omui
623 1195 818 1278 suspicione
838 1200 983 1267 remota,
1002 1194 1068 1255 sub
1085 1193 1185 1256 salvo
1206 1194 1321 1258 archi·

371 1296 524 1377 episcopi
552 1303 587 1359 et
616 1296 854 1377 episcoporum
884 1285 1086 1356 ¹conductu.
1139 1291 1323 1359 Venerunt

371 1414 454 1475 crgo
473 1388 536 1456 ²ad
554 1412 673 1475 pacem
692 1393 796 1473 regis,
810 1391 1040 1455 mediantibus
1060 1388 1322 1473 archiepiscopo

371 1500 407 1555 et
426 1492 608 1573 episcopis,
633 1491 813 1555 Hubertus
834 1491 877 1553 de
900 1490 1032 1570 Burgo,
1048 1487 1188 1570 Angliae
1211 1508 1321 1571 qnon-

372 1589 450 1652 dam
484 1584 495 1620 ³
497 1590 727 1671 justiciarius,
758 1587 937 1653 Gilbertus
968 1588 1095 1651 Basset
1126 1596 1163 1651 et
1193 1587 1321 1653 iratres

372 1688 460 1772 ojus,
487 1687 685 1752 Richardus
711 1688 848 1763 Siuard,
870 1707 948 1751 curn
970 1687 1128 1750 omnibus
1155 1687 1321 1768 quicum

372 1787 422 1850 cis
442 1795 477 1851 et
494 1806 557 1868 pro
579 1788 629 1850 eis
651 1788 687 1850 in
710 1787 849 1850 exilium
873 1786 1010 1851 fueraut
1025 1785 1130 1867 pulsi,
1146 1804 1236 1867 quos
1258 1805 1320 1851 rex

372 1887 408 1947 in
428 1886 547 1949 osculo
571 1887 667 1969 pacis
684 1886 851 1968 recipiens
871 1884 1019 1948 reddidit
1036 1884 1086 1947 eis
1105 1885 1223 1947 omnia
1238 1883 1320 1967 jura

373 2004 449 2061 sua,
474 1985 596 2067 quinto
618 1984 785 2048 kalendas
806 1983 917 2048 Junii.
969 1983 1016 2046 Et
1041 1983 1077 2045 in
1104 1982 1224 2047 eodem
1246 1983 1319 2047 col·

372 2083 490 2165 loquio
522 2084 617 2147 veuit
649 2084 694 2146 ad
731 2103 846 2165 regem
875 2080 1087 2157 Gilebertus,
1115 2079 1224 2144 frater
1258 2080 1322 2146 Ri-

373 2182 490 2244 chardi
523 2183 659 2245 comitis
695 2181 906 2257 Marescalli,
944 2187 1142 2262 protestans
1173 2188 1319 2243 mortem

374 2280 490 2343 fratris
516 2281 582 2355 sui,
603 2288 639 2343 et
656 2280 848 2362 postulavit
863 2281 907 2343 ab
923 2299 977 2354 eo,
995 2287 1035 2343 ut
1049 2279 1164 2360 ipsum
1187 2278 1223 2340 in
1247 2278 1319 2342 hae-

373 2377 518 2442 reditate
544 2397 608 2441 sua
631 2380 811 2460 reciperet,
833 2378 978 2442 offerens
997 2377 1194 2458 homagium
1218 2396 1319 2441 suurn

374 2476 446 2555 regi
468 2484 504 2539 et
525 2477 688 2558 quicquid
711 2479 742 2540 ei
765 2484 805 2540 ut
827 2477 966 2542 domino
989 2476 1102 2540 facere
1124 2476 1318 2549 tenebatut.

373 2574 473 2638 'l‘unc
502 2595 577 2651 rex,
606 2576 851 2640 cumconsilio
879 2574 1141 2656 archiepiscopi,
1170 2574 1320 2639 reddidit

373 2673 405 2735 ei
427 2672 661 2737 haereditatem
684 2693 783 2738 suam
802 2683 911 2739 totam
927 2682 999 2738 tam
1015 2674 1051 2736 in
1068 2672 1201 2755 Anglia
1217 2693 1320 2757 quam

374 2773 410 2833 iu
435 2771 616 2848 Hibernia,
644 2781 679 2837 et
701 2773 899 2855 homagium
926 2771 1003 2854 ejus
1030 2773 1182 2853 recepit3
1216 2780 1321 2855 atque

372 2871 560 2951 posthaec,
588 2873 623 2934 in
646 2872 700 2935 die
727 2871 965 2948 Pentecostes,
986 2871 1079 2952 apud
1100 2870 1319 2952 Wigorniam

372 2970 518 3032 eundem
536 2969 750 3034 Gilebertum
765 2971 904 3052 cingulo
920 2970 1060 3033 militari
1076 2969 1234 3046 donavit,
1252 2979 1321 3034 tra·

372 3068 456 3130 deus
472 3070 504 3131 ei
522 3069 656 3150 virgam
672 3070 902 3133 marescalciae
915 3069 1020 3132 curiae
1036 3088 1121 3143 suec,
1137 3068 1231 3132 sicut
1246 3088 1320 3132 earu

372 3173 608 3231 antecessores
626 3167 749 3230 melius
773 3175 808 3231 et
825 3168 967 3231 liberius
983 3167 1188 3230 babuerunt.
1244 3166 1321 3231 Hu-

407 3363 571 3431 ¹Conductu.]
589 3370 624 3417 At
638 3370 689 3419 this
703 3371 774 3431 point
791 3371 833 3420 the
856 3372 959 3421 moome
976 3373 1118 3423 reconciled
1135 3377 1163 3422 to
1182 3374 1224 3423 his
1243 3374 1321 3425 disai-

373 3436 472 3486 Colton.
484 3438 540 3486 MS.
551 3438 580 3486 ol
594 3439 671 3489 Mati.
686 3440 770 3500 Paris,
782 3442 833 3489 col·
857 3441 940 3490 iected
950 3442 1038 3490 nobles
1054 3443 1104 3491 aud
1120 3444 1235 3492 restored
1251 3444 1318 3494 thern

372 3504 440 3554 lated
466 3507 501 3567 by
520 3507 601 3568 wate,
622 3507 669 3557 hus
690 3509 833 3558 ‘Dominus
856 3509 922 3559 their
937 3515 1065 3571 property,
1080 3511 1161 3561 attha
1176 3526 1247 3562 arne
1261 3513 1319 3562 tinia

373 3575 487 3636 Rogerus
497 3575 529 3624 do
541 3576 691 3638 werdone,
708 3578 776 3639 prior
786 3579 833 3628 eli·
857 3580 949 3643 nrging
970 3579 1023 3628 him
1042 3585 1068 3628 to
1091 3581 1177 3630 oonier
1193 3582 1259 3631 with
1277 3583 1319 3632 the

371 3645 471 3703 quando
487 3645 520 3694 de
538 3645 668 3707 Beluvoir,
682 3646 732 3695 huo
750 3663 832 3709 usque
856 3648 1007 3709 archbiuhop
1021 3650 1070 3698 and
1089 3650 1194 3712 bishops
1210 3656 1321 3713 respect·

370 3713 544 3763 chronicasua
555 3714 610 3764 haec
621 3711 744 3776 digessit?
778 3717 832 3765 The
856 3718 901 3779 ing
919 3731 1007 3780 peace,
1025 3733 1069 3768 are
1089 3720 1115 3768 in
1135 3719 1240 3784 Rymer,
1259 3721 1278 3770 i.
1292 3735 1319 3783 p.

372 3783 513 3832 wendover
523 3783 830 3845 MS.however,collatcd
855 3790 913 3835 212.

371 3851 404 3910 by
420 3852 475 3900 that
490 3854 581 3914 editor,
598 3855 728 3902 continues
745 3859 771 3904 to
790 3856 831 3904 the
891 3853 1091 3920 mummius]
1110 3856 1186 3907 Paris
1202 3859 1320 3909 insertas

370 3935 439 3969 same
450 3922 537 3982 period
548 3922 611 3970 with
622 3939 669 3972 our
678 3938 744 3973 own.
856 3938 923 3974 ruore
940 3926 1092 3987 lengthened
1109 3933 1219 3976 acoeunt
1234 3930 1264 3978 oi
1278 3929 1320 3977 the

405 3987 461 4038 'Ad
475 4006 557 4053 ponem
573 3993 661 4055 regia]
678 3994 732 4042 'l’he
746 3989 830 4055 lting’s
855 3990 939 4056 king’s
958 3997 1067 4057 mceting
1086 3995 1149 4044 with
1168 3997 1272 4047 Hubert
1287 3999 1321 4048 de

368 4058 829 4124 letterstoLlewellyn‚iniorminghirn
857 4064 954 4124 burgh,
976 4064 1037 4112 with
1068 4065 1109 4112 the
1131 4065 1225 4116 details
1252 4066 1281 4116 oi
1303 4082 1320 4116 a

368 4128 431 4188 thot,
441 4130 549 4190 through
562 4130 605 4179 the
614 4132 829 4180 mediationolthe
856 4133 936 4180 vision
947 4131 976 4180 ol
989 4148 1004 4180 a
1022 4135 1126 4182 crucilia
1138 4134 1193 4183 that
1208 4137 1260 4185 had
1271 4128 1322 4186 for·

367 4197 518 4258 urchhishop
526 4198 555 4245 oi
563 4199 730 4262 Cauterbury,
738 4201 769 4250 he
778 4202 828 4251 bad
855 4201 932 4262 merly
945 4203 1072 4262 appeared
1083 4208 1109 4252 to
1119 4202 1182 4255 hlrn.
