2978 4996
404 416 448 481 58
662 430 795 479 ucesiu
819 429 867 477 nn
889 429 1098 477 wnunovnn

245 604 367 644 nonne
406 586 610 651 necessariis
633 586 677 649 ad
705 585 916 668 reparandos
940 604 1057 649 muros
1080 584 1301 652 Hierusalem
1322 596 1359 653 et
1462 624 1469 635 ·

406 687 581 750 civitatem
600 686 636 748 in
651 693 779 749 statum
796 685 978 767 pristinum
996 685 1236 750 reducendam.
1284 686 1357 752 Oh-

407 786 487 849 tulit
503 786 644 866 insuper
657 785 810 847 totalitor
827 804 971 865 regnum
987 782 1357 867 Hierosolymitanum‚

406 892 532 965 praeter
560 883 727 948 Graccum
755 891 791 946 et
818 882 1152 966 Mentem-regalem,
1183 903 1246 966 pro
1278 887 1356 967 qui·

406 984 470 1046 bus
498 982 684 1046 retinendis
714 982 880 1045 tributum
908 982 1034 1045 obtulit
1065 982 1211 1064 singulis
1242 985 1355 1060 annis,

406 1082 565 1147 videlicet
602 1081 782 1145 duodecim
825 1081 933 1143 millia
970 1080 1150 1156 bizantios,
1189 1083 1355 1164 quamdiu

405 1181 467 1266 illa
496 1188 653 1258 teneret;
696 1186 778 1242 sunt
811 1187 924 1242 autem
961 1178 1030 1242 duo
1062 1187 1177 1244 castra
1211 1180 1286 1244 haec
1318 1182 1355 1245 in

407 1279 550 1355 Arabia,
577 1287 708 1361 septem
740 1278 952 1341 firmissimas
983 1278 1191 1342 munitiones
1224 1279 1354 1344 haben·

408 1379 468 1452 tia,
498 1397 560 1460 per
586 1397 663 1458 quae
692 1378 925 1456 negotiatores
954 1395 1167 1458 paganorum
1195 1385 1231 1441 et
1256 1397 1353 1460 pere-

406 1477 497 1557 grini
521 1476 559 1538 M
562 1474 680 1539 ocham
704 1476 882 1539 tendentes
905 1475 961 1538 vel
984 1477 1028 1539 ah
1056 1475 1117 1540 illa
1141 1484 1353 1542 revertentes

407 1576 554 1639 transire
576 1574 701 1650 solent,
725 1575 841 1656 etqui
866 1573 940 1638 haec
958 1576 1107 1639 tenuerit
1130 1573 1353 1640 Hierusalem

406 1693 483 1736 cum
516 1674 625 1737 vineis
661 1674 814 1754 graviter
850 1679 886 1736 et
918 1674 1013 1754 agris
1049 1672 1173 1737 laedere
1209 1674 1351 1739 valebit.

407 1772 512 1835 Hanc
541 1771 823 1854 compositionem
851 1790 927 1835 esse
954 1773 1200 1853 acceptandam
1229 1780 1265 1837 et
1287 1775 1357 1838 uti-

406 1871 473 1934 lem
502 1891 577 1935 esse
604 1870 858 1936 christianitati
884 1890 947 1933 rex
976 1869 1209 1949 Hierusalem,
1236 1891 1352 1937 comes

407 1969 599 2035 Cestrensis
631 1978 667 2034 et
694 1988 813 2034 omnes
849 1968 1075 2052 Francigenae
1108 1989 1188 2033 cunr
1221 1972 1355 2053 capita-

406 2070 479 2133 neis
497 2069 768 2134 Teutonicorum
789 2069 1010 2150 pertinaciter
1031 2076 1261 2150 censuerunt3
1288 2090 1353 2135 nec

405 2169 470 2233 hoc
503 2169 695 2232 mirandum
728 2172 793 2244 est,
825 2186 903 2230 cum
940 2167 1049 2233 multo
1088 2168 1220 2232 minore
1252 2187 1353 2251 pace,

405 2288 484 2350 quae
505 2269 601 2349 prius
622 2267 740 2330 oblata
760 2266 884 2343 fuerat,
903 2267 1056 2330 contenti
1074 2266 1222 2331 fuissent
1237 2266 1353 2332 Chris-

405 2366 505 2442 tiani,
527 2367 593 2429 nisi
616 2366 652 2428 in
673 2384 759 2428 sano
781 2365 925 2428 consilio
945 2366 994 2429 eis
1017 2365 1140 2430 fuisset
1161 2366 1353 2433 obviatum.

406 2458 575 2544 Legatus¹
600 2472 728 2541 autem,
751 2465 1030 2546 concupiscentia
1056 2464 1243 2528 retinendae
1265 2465 1352 2530 civi·

404 2565 489 2627 ‚tatis
518 2564 655 2640 ductus,
682 2570 718 2627 et
741 2582 803 2645 per
829 2583 908 2626 eum
935 2562 1132 2644 patriarcha
1157 2582 1235 2627 cum
1259 2565 1353 2629 clero

407 2663 579 2741 universo,
606 2663 687 2726 hnic
712 2662 953 2744 compositioni
980 2681 1056 2726 sese
1080 2670 1274 2743 opponunt,
1296 2683 1353 2727 as-

405 2770 559 2826 serentes
582 2768 782 2827 constanter
807 2769 887 2826 ante
913 2760 1028 2824 omnia
1055 2761 1251 2825 Damietam
1279 2761 1354 2827 fore

405 2863 633 2944 capiendam
663 2861 779 2943 opinio
807 2859 945 2926 diversa
975 2861 1109 2942 peperit
1135 2859 1354 2939 discordiam,

405 2960 496 3025 unde
517 2961 629 3024 nuntii
651 2959 794 3023 Soldani
819 2959 891 3024 laeti
919 2965 1144 3023 recesserunt.
1198 2959 1354 3042 Cumque

405 3058 480 3123 haec
504 3058 656 3123 Soldano
680 3057 838 3121 nuntiata
862 3058 1020 3135 fuissent,
1042 3059 1136 3121 misit
1154 3057 1244 3123 clam
1265 3060 1354 3123 mul-

406 3157 586 3221 titudinem
625 3174 786 3236 magnam
825 3158 979 3238 peditum
1013 3176 1075 3239 per
1106 3156 1276 3238 palustria
1309 3159 1353 3222 ad

407 3255 617 3332 Domietam,
641 3274 787 3338 quorum
812 3255 950 3319 ducenti
973 3255 1215 3337 quadraginta,
1237 3256 1356 3322 Chris-

406 3355 510 3418 tianis
542 3356 802 3431 dormientibus,
835 3354 1020 3418 Dominica
1050 3361 1151 3419 nocte
1180 3363 1260 3437 post
1287 3355 1355 3420 fes-

405 3463 478 3517 tum
508 3453 671 3518 Omnium
702 3462 901 3518 sanctorum
930 3454 1029 3518 licias
1056 3473 1173 3517 eorum
1199 3455 1354 3519 intrave-

404 3561 497 3631 runt,
520 3554 581 3618 sed
607 3574 668 3636 per
690 3555 874 3618 clamorem
896 3553 1042 3634 vigilum
1065 3553 1239 3618 exercitus
1260 3555 1355 3637 capti

404 3661 486 3717 sunt
506 3654 562 3718 vel
589 3653 774 3729 interfecti,
802 3671 890 3734 quos
919 3652 962 3716 ad
993 3659 1131 3716 centnm
1153 3653 1210 3717 vel
1237 3654 1355 3736 plures

402 3758 670 3817 numeraverunt
687 3773 732 3816 ex
750 3752 907 3833 captivis.

440 3922 588 3995 ¹Legenda]
606 3928 866 3989 ‘Herein‚nodouht,
891 3927 954 3976 have
971 3942 1003 3976 no
1020 3928 1079 3989 end,
1096 3929 1142 3976 hut
1153 3927 1184 3976 be
1202 3927 1316 3990 alwayes
1329 3930 1356 3977 in

403 4001 436 4048 he
456 3999 575 4047 followed
594 3997 637 4045 the
660 3998 822 4047 instructions
840 3997 869 4046 oi
891 3997 977 4060 doing,
988 3998 1085 4059 though
1096 4011 1173 4047 never
1183 3993 1265 4046 done?
1285 3998 1356 4059 Holy

401 4071 442 4118 his
465 4074 567 4129 master,
587 4067 673 4115 whose
697 4068 746 4115 end
769 4068 795 4114 in
814 4067 865 4115 this
891 4068 988 4127 Warre,
999 4084 1025 4130 p.
1040 4072 1095 4118 1⁵5.

402 4153 482 4188 warre
492 4153 544 4187 uas
556 4136 670 4187 thatthis
682 4153 762 4186 werre
773 4137 863 4187 should
