2978 4996
372 428 439 494 268
624 442 758 490 aoonar
784 443 831 489 na
856 440 1062 491 wranovna

433 679 483 742 Do
499 676 658 743 discordia
673 688 742 744 orto
758 679 839 744 iuter
853 700 952 764 rupem
965 687 994 743 ct
1007 686 1165 764 mappulas
1178 678 1277 763 rope-i.

208 822 265 862 ao.
278 815 333 862 nst
424 800 527 865 Circa
536 799 610 865 dies
624 803 723 877 istoc,
735 820 813 882 cum
831 800 970 878 Petrus,
982 800 1237 864 Wintoniensis
1254 801 1328 883 epi·

208 873 339 962 lm'
373 919 512 982 scopuS,
539 906 574 962 et
589 899 774 982 complices
796 900 904 981 ipsius
928 899 964 961 in
982 899 1098 962 odium
1121 900 1238 980 gentis
1252 899 1327 963 An-

210 973 301 1111 {¹1⁹le
302 984 314 1013 ⁶
373 1000 508 1080 giorum
531 999 662 1081 pariter
679 1006 715 1061 et
733 1005 967 1080 contemptum
996 1017 1056 1061 cor
1074 998 1167 1079 regis
1194 999 1247 1062 ita
1264 998 1328 1061 im-

210 1071 245 1110 ⁰¹
254 1072 298 1111 ⁰¹⁶¹
372 1097 584 1161 mutabiliter
605 1104 855 1179 perverterant,
877 1103 1056 1158 uteorum
1079 1095 1324 1160 exterminium

373 1196 483 1259 modis
500 1197 658 1259 omnibus
680 1195 870 1271 moliretur,
894 1194 1057 1257 invitavit
1077 1193 1248 1276 paulatim
1271 1201 1325 1259 tot

374 1293 633 1358 Pictavensium
656 1293 821 1375 legiones,
838 1291 929 1375 quod
949 1299 1060 1354 totam
1077 1291 1148 1355 iere
1157 1290 1324 1373 Angliam

372 1393 603 1474 repleverunt,
630 1411 776 1472 quorum
800 1411 863 1454 rex
886 1391 1078 1471 agminibus
1105 1409 1324 1473 quocumque

372 1491 538 1572 pergebat
562 1489 715 1553 vallatus
739 1489 900 1567 incessit3
935 1488 1198 1571 necquicquam
1220 1489 1325 1554 fiebat

371 1590 407 1650 iu
434 1606 554 1667 reguo,
583 1586 650 1650 nisi
678 1587 771 1668 quod
798 1585 1048 1651 Wiutonieusis
1076 1587 1260 1669 episcopus
1288 1595 1325 1652 et

372 1685 632 1749 Pictavensium
650 1687 752 1750 turba
765 1685 1006 1768 disponebant.
1038 1684 1137 1747 Tunc
1153 1704 1231 1760 rex,
1246 1687 1326 1750 mis·

372 1785 420 1848 sis
440 1784 549 1848 literis
570 1785 654 1861 suis,
676 1785 816 1848 vocavit
835 1803 954 1847 omnes
981 1781 1024 1846 de
1049 1802 1156 1863 regno
1181 1784 1325 1848 comites

372 1890 408 1946 et
446 1884 593 1946 barones
629 1883 673 1946 od
707 1883 928 1964 colloquium,
967 1889 1006 1944 ut
1039 1882 1199 1946 venirent
1231 1883 1325 1965 apud

373 1981 547 2045 Oxoniam
570 1982 614 2045 ed
643 1981 768 2045 sestam
795 1981 908 2045 sancti
935 1978 1129 2059 Johannis3
1170 1980 1230 2045 sed
1257 1982 1324 2064 ipsi

373 2080 557 2144 noluerunt
576 2081 621 2143 ad
644 2080 720 2162 ejus
743 2079 944 2142 mandatum
965 2078 1095 2155 venire,
1122 2085 1195 2141 tum
1219 2099 1324 2162 prop-

372 2187 425 2243 ter
452 2179 595 2242 insidias
621 2178 904 2259 alienigenarum,
933 2185 1006 2240 tum
1039 2184 1181 2259 propter
1208 2177 1324 2260 indig-

371 2276 559 2351 nationem,
595 2294 697 2356 quam
734 2283 964 2358 conceperant
996 2275 1162 2340 adversus
1192 2295 1323 2358 regem,

372 2375 432 2455 qui
471 2381 655 2437 extraneos
691 2375 736 2437 ob
770 2374 954 2437 eorundem
986 2375 1154 2437 baronum
1183 2375 1325 2440 vocavit

371 2478 627 2554 contemptum,
657 2479 705 2549 et,
727 2491 806 2535 cum
832 2473 897 2536 boc
923 2472 996 2554 regi
1017 2492 1079 2554 per
1102 2474 1243 2537 nuntios
1264 2492 1324 2537 so·

371 2571 491 2634 lennes
519 2570 794 2648 denuntiassent,
821 2572 931 2634 iratus
956 2577 1008 2634 est
1035 2569 1268 2647 vehementer,
1289 2579 1325 2637 et

367 2669 579 2752 judicialiter
594 2669 702 2753 jussit
720 2669 871 2746 diffiniri,
893 2688 962 2751 qno
984 2668 1103 2732 ordine
1123 2669 1248 2734 debeat
1263 2688 1324 2734 eos

372 2768 577 2850 compellere
608 2768 650 2831 ad
681 2787 780 2831 suum
812 2768 943 2831 curiam
975 2768 1169 2831 convenire.
1221 2768 1323 2832 Tunc

371 2867 547 2930 decretum
567 2874 622 2931 est
640 2887 702 2948 per
720 2864 901 2949 judicium,
920 2873 959 2929 ut
983 2865 1085 2930 tertio
1107 2873 1278 2931 vocentur
1299 2886 1322 2931 a

372 2985 467 3047 rege,
493 2974 531 3029 ut
561 2966 684 3047 probet
716 2966 746 3028 si
773 2966 891 3028 venire
920 2964 1039 3039 velint,
1067 2984 1111 3027 an
1141 2985 1222 3028 non.
1277 2965 1321 3030 In

372 3063 438 3127 hoc
469 3072 585 3129 autem
615 3064 786 3145 colloquio
813 3057 936 3126 ¹irater
961 3063 1101 3146 quidam
1129 3063 1173 3126 de
1201 3065 1322 3128 ordine

374 3161 658 3239 Praedicatorum,
672 3162 732 3244 qui
748 3181 863 3225 coram
882 3181 962 3242 rege
977 3168 1012 3225 et
1028 3162 1234 3243 quibusdam
1249 3164 1322 3246 epi·

372 3261 487 3341 scopis
514 3262 741 3341 praesentibus
768 3261 909 3325 verbum
937 3261 1004 3324 Dei
1031 3260 1255 3343 praedicabat,
1280 3262 1322 3326 li·

372 3360 455 3422 bera
482 3378 567 3422 voce
600 3361 674 3441 regi
704 3367 863 3442 patenter
893 3360 994 3435 dixit,
1024 3359 1115 3441 quod
1142 3379 1320 3443 nunquam

372 3457 536 3522 diuturna
551 3474 636 3540 pace
651 3458 833 3536 frueretur,
851 3459 918 3522 nisi
935 3458 1089 3535 Petrum,
1104 3457 1321 3524 Wintonien·

371 3575 443 3620 sem
453 3558 664 3639 episcopum,
673 3565 709 3621 et
719 3558 862 3622 Petrum
871 3558 914 3620 de
928 3556 1089 3633 Rivallis,
1098 3556 1174 3640 ejus
1183 3551 1323 3637 'lilium

371 3675 393 3719 a
422 3677 487 3720 sno
511 3658 655 3722 consilio
682 3664 884 3721 removeret.
937 3655 1094 3737 Cumque
1118 3655 1179 3719 alii
1208 3658 1321 3735 multi,

371 3756 431 3837 qui
447 3755 604 3832 aderant,
621 3756 770 3836 idipsum
786 3756 859 3837 regi
881 3762 1166 3837 protestarentur,
1189 3756 1323 3838 signill-

372 3855 466 3917 cavit
496 3855 716 3935 magnatibus
746 3854 956 3930 memoratis,
985 3861 1024 3917 ut
1050 3854 1207 3918 venirent
1228 3854 1322 3939 apud

407 4043 517 4094 'Frater
535 4045 669 4110 quidam]
697 4046 740 4107 By
761 4060 834 4095 name
858 4041 1090 4108 consanguineum!
1126 4046 1156 4095 In
1173 4046 1324 4098 tbeGluno.

372 4115 466 4163 liobert
475 4116 833 4176 Bacon,accordingtol'aris.
859 4116 953 4165 Dunst.
970 4115 1002 4164 he
1017 4117 1040 4164 is
1053 4115 1136 4165 called
1148 4117 1156 4144 ‘
1166 4116 1273 4167 Petrum
1290 4117 1323 4167 de

406 4180 543 4247 ²Filium]
572 4185 647 4235 Paris
665 4185 740 4249 adds,
758 4185 834 4234 ‘sive
859 4181 991 4248 Orivalle,’
1003 4201 1029 4247 p.
1042 4190 1101 4237 218.
