2978 4996
392 452 532 503 scottus
557 453 829 503 nrsrorrrxaun.
1020 441 1086 506 125

129 609 289 673 civitates
316 610 491 693 inquirens
518 631 540 674 a
562 611 708 692 singuiis
731 613 895 677 articulos
919 613 1011 691 fidei,
1036 623 1222 692 et,A-1)·¹²²⁶·

130 710 160 771 si
190 710 386 792 quempiam
413 718 535 774 contra
557 711 658 774 fidem
684 712 854 775 inveniret
879 714 1084 778 sentientem

131 808 350 884 catholicam,
372 811 446 891 ipse
473 812 661 873 secundum
683 811 854 894 judicium
877 821 1008 875 sanctae
1030 834 1085 877 ec-

131 908 245 971 clesiae
278 907 426 990 justitiae
460 929 505 972 ex
532 910 582 972 eis
614 908 861 991 plenitudinem
891 910 1084 989 exhiberet,

132 1015 179 1083 et,
194 1008 224 1070 si
247 1008 424 1072 civitatem
448 1008 601 1091 aliquam
624 1009 793 1072 inveniret
816 1008 987 1087 rebellem,
1010 1011 1085 1092 ipse

132 1126 195 1188 pro
221 1125 324 1189 posse
355 1126 419 1171 suo
446 1126 522 1170 eam
551 1126 629 1171 cum
660 1108 912 1172 habitatoribus
942 1110 1014 1172 suis
1040 1111 1083 1173 ad

134 1205 406 1269 satisfactionem
432 1206 676 1288 compelleret;
708 1226 772 1288 pro
799 1228 837 1270 se
862 1208 938 1289 ipso
968 1216 1083 1272 autem

132 1304 270 1381 obtulit,
303 1304 333 1367 si
366 1305 401 1366 iu
432 1305 548 1387 aliquo
580 1305 737 1388 deliquit,
769 1305 861 1388 quod
891 1327 929 1371 se
962 1308 1084 1372 secisse

132 1423 201 1466 non
222 1402 353 1478 recolit,
377 1403 516 1487 plenam
541 1405 619 1467 Deo
641 1411 676 1468 et
697 1414 828 1469 sauctae
847 1405 1002 1471 ecclesiae
1028 1427 1085 1470 sa.

132 1502 363 1566 tisfactiouem
385 1512 425 1567 ut
441 1503 551 1567 fidelis
568 1501 799 1581 Christianus,
821 1512 869 1581 et,
890 1506 920 1569 si
946 1506 1083 1587 legatus

131 1601 249 1678 vellet,
263 1602 369 1665 etiam
387 1602 465 1667 fidei
482 1622 630 1666 examen
653 1605 780 1667 subire.
833 1602 923 1667 Haec
945 1625 1084 1687 quoque

132 1702 249 1765 omnia
269 1701 407 1783 legatus
424 1702 644 1785 contempsit,
666 1722 729 1766 nec
748 1702 863 1785 potuit
887 1723 1001 1768 comes
1025 1725 1084 1769 ca·

132 1799 280 1864 thelicus
297 1801 445 1883 gratiam
468 1802 633 1875 invenire,
658 1801 724 1863 nisi
745 1821 808 1883 pro
829 1821 867 1864 se
885 1810 919 1864 et
936 1802 1082 1867 haeredi·

133 1900 198 1963 bus
220 1900 293 1963 suis
320 1899 556 1964 haereditatem
580 1919 679 1963 suam
706 1899 867 1963 deserens
895 1901 1082 1983 abjuraret.

134 1997 214 2062 Rex
232 2019 315 2063 vero
331 1999 542 2063 Francorum
560 1999 604 2063 ad
622 1998 776 2082 ejusdem
791 1999 898 2080 legati
918 1999 1084 2064 exhorta·

132 2097 261 2162 tionem
284 2117 385 2163 cruce
405 2098 564 2180 signatus
585 2099 696 2162 noluit
713 2097 968 2180 expeditionem
988 2099 1084 2163 belli-

132 2215 209 2259 cam
233 2217 447 2279 promovere,
472 2199 539 2261 nisi
559 2198 668 2261 literis
686 2198 781 2280 prius
798 2216 819 2260 a
835 2196 975 2261 domino
990 2218 1082 2281 papa

133 2294 325 2378 impetratis
349 2297 393 2360 ad
417 2316 534 2378 regem
557 2296 750 2378 Anglorum
776 2296 997 2374 inhibitoriis,
1023 2292 1082 2362 ¹ne

132 2396 197 2458 sub
221 2415 327 2478 poeua
346 2397 712 2460 excommunicationis
733 2417 849 2478 regem
869 2397 1082 2461 Francorum

134 2494 354 2576 inquietaret,
369 2496 424 2559 vel
442 2515 540 2559 arma
555 2503 678 2560 contra
690 2516 768 2560 eum
784 2504 949 2572 moveret,
962 2497 1004 2561 de
1020 2498 1081 2561 ali·

133 2612 203 2676 qua
224 2601 317 2658 terra
339 2613 443 2676 quam
461 2597 496 2659 in
515 2595 679 2677 praesenti
692 2596 892 2678 possidebat
905 2596 978 2659 sive
986 2597 1084 2679 juste

132 2692 206 2756 sive
222 2692 362 2776 injuste,
385 2694 466 2758 dum
491 2695 580 2759 idem
597 2715 659 2759 rex
683 2701 774 2758 esset
795 2694 831 2756 in
855 2695 997 2758 servitio
1019 2715 1083 2758 suo

133 2799 169 2855 et
192 2792 347 2857 ecclesiae
372 2793 540 2858 Romanae
573 2793 617 2857 ad
651 2791 950 2856 exterminandum
974 2791 1083 2856 haere-

134 2889 222 2955 ticos
247 2890 454 2973 Albigenses
481 2901 517 2956 et
542 2913 660 2957 eorum
690 2891 859 2955 fautorem
884 2897 920 2954 et
939 2893 1082 2972 compli-

132 3009 206 3054 cem
231 2992 390 3055 comitem
417 2991 677 3072 Tholosauum3
707 2991 767 3056 sed
793 2991 901 3055 eidem
928 2991 1014 3071 regi,
1038 2992 1083 3054 ad

133 3090 381 3154 exaltationem
414 3090 505 3168 fidei,
538 3093 717 3156 consilium
754 3097 789 3154 et
822 3090 989 3154 auxilium
1020 3090 1083 3153 im-

132 3190 281 3272 pendere
308 3209 379 3253 nou
403 3190 568 3255 tardaret.
623 3191 680 3267 Et,
702 3189 756 3253 his
781 3191 832 3255 ita
857 3191 978 3272 gestis,
1001 3183 1081 3254 ²rex

134 3288 347 3353 Francorum
371 3289 574 3353 bodonicus
593 3298 629 3354 et
645 3291 782 3370 legatus
800 3290 959 3353 omnibus
982 3308 1084 3353 cruce

133 3388 281 3469 signatis
315 3389 405 3452 diem
438 3396 635 3453 statuerunt
670 3390 948 3472 peremptorium,
980 3399 1019 3453 ut
1047 3389 1082 3453 in

133 3488 334 3551 ascensione
361 3487 502 3551 Domini
532 3488 624 3571 apud
650 3487 858 3569 Lugdunum
884 3508 961 3551 cum
984 3487 1082 3569 equis

132 3593 168 3650 et
183 3587 288 3650 armis
312 3587 376 3649 sub
401 3607 506 3669 poena
528 3586 895 3652 excommunicationis
914 3586 1082 3662 venirent,

132 3686 227 3768 ipsos
241 3685 285 3749 ad
303 3686 558 3768 expeditionem
574 3687 787 3769 propositam
805 3684 969 3748 secuturi.

167 3882 464 3950 ¹Nae...tnquietaret,]
481 3888 595 3950 wanting
621 3886 745 3947 Compare
785 3884 855 3933 Hist.
895 3883 1083 3945 Albigensium,

131 3956 158 4004 lu
173 3957 202 4007 C.
620 3961 689 4005 auct.
706 3954 769 4005 Gul.
784 3954 816 4002 de
838 3953 920 4001 I'odio
937 3953 1083 4013 Laurentio,

622 4026 683 4075 lieo.
696 4026 742 4075 des
758 4023 828 4072 illst.
843 4027 903 4073 tom.
915 4023 970 4073 xix.
987 4038 1013 4085 p.
1025 4025 1084 4085 alo,

167 4091 244 4144 'Rex
262 4094 412 4145 Francorum
429 4089 595 4162 Ledaeam]
621 4110 685 4159 seqq.
