2978 4996
404 440 544 489 snoans
567 441 837 491 rnsronrsauu.
1045 429 1090 493 49

138 593 265 658 danum
292 596 484 681 Babylonis
511 606 546 661 et
569 597 644 681 ejus
673 599 863 662 exercitum
885 600 1024 675 invasit,
1048 607 1155 704 ¹¹th
1165 616 1224 655 ¹²¹⁹·

137 693 266 758 relictis
303 697 472 771 tentoriis,
512 697 752 778 ignorantibus
789 699 892 762 etiam
927 700 1086 782 paganis,
1099 665 1215 755 offin-

137 813 226 875 quos
257 794 301 858 ad
332 795 560 859 resistendum
598 796 756 859 fidelibus
786 790 1019 875 ordinaverat,
1050 799 1086 862 in

136 893 213 956 sola
226 892 313 975 fuga
326 915 422 978 spem
440 894 627 972 haberent3
649 895 740 957 unde
755 896 895 977 quidam
911 905 1085 978 apostata,

137 991 197 1073 qni
222 993 333 1058 multo
358 1003 513 1077 tempore
539 993 813 1057 Christianorum
838 995 948 1076 legem
972 1004 1085 1058 trans·

137 1110 277 1173 gressus
299 1095 364 1157 sub
393 1092 545 1158 Soldano
573 1093 795 1170 militaverat,
822 1101 920 1157 stans
949 1095 985 1156 in
1008 1095 1086 1176 ripa

138 1189 289 1254 fluminis
319 1190 459 1256 Gallica
487 1192 609 1272 lingna
638 1192 788 1255 clamare
813 1194 933 1274 coepit,
963 1192 1084 1269 ‘Quid

137 1290 341 1355 moraminii
373 1290 454 1373 quid
477 1290 681 1373 trepidatis?
709 1291 880 1356 Soldanus
904 1293 1083 1372 recessit;'

138 1393 186 1463 et,
201 1386 265 1452 hoc
288 1388 392 1465 dicto,
413 1409 451 1453 se
471 1390 577 1473 recipi
594 1392 630 1453 in
649 1389 924 1453 Christianorum
942 1391 1084 1455 navicu·

136 1484 206 1549 lam
243 1488 447 1570 postulavit,
480 1489 598 1571 sicque
634 1489 790 1553 fidelibus
823 1490 923 1553 tidem
953 1488 1083 1554 faciens

135 1584 214 1648 illos
232 1586 276 1649 ad
294 1589 478 1651 transitum
501 1587 650 1650 fluminis
673 1589 848 1653 animabat
863 1609 872 1666 ;
896 1597 931 1653 et
949 1607 1084 1653 summo

135 1683 302 1763 diluculo,
334 1707 412 1750 cnm
443 1685 641 1751 inchoatum
671 1694 763 1751 esset
790 1688 904 1751 missae
934 1686 1082 1751 officium

134 1782 390 1849 ‘Gaudeamus
421 1805 540 1850 omnes
568 1786 604 1848 in
636 1785 811 1861 Domino,'
838 1806 900 1868 per
929 1787 1083 1850 oratoria

136 1880 412 1948 Christianorum
435 1885 596 1949 nuntiata
613 1891 695 1946 sunt
711 1882 785 1946 haeo
807 1885 880 1965 regi
901 1892 936 1948 et
952 1884 1081 1965 legato.

136 1980 276 2064 Itaque,
296 1983 508 2065 fugientibus
530 1983 724 2059 Saracenis,
742 1981 931 2045 Christiani
951 1984 1083 2064 absque

135 2083 316 2163 sanguinis
336 2082 500 2147 effusione
524 2091 560 2147 et
577 2082 670 2146 omui
694 2080 938 2162 impedimento
956 2079 1082 2144 flumen

135 2182 369 2260 transierunt3
392 2183 452 2246 sed
471 2182 558 2246 adeo
577 2180 699 2246 limosa
724 2188 759 2244 et
781 2181 881 2262 aquis
904 2180 1082 2261 profundid

136 2280 254 2343 oribus
281 2280 429 2345 difficilis
456 2280 521 2345 fuit
545 2279 589 2343 ad
617 2278 860 2362 applicandum
882 2286 975 2343 terra
1001 2278 1082 2343 hos-

136 2379 219 2454 tilis,
258 2387 297 2445 ut
330 2381 391 2444 vix
426 2400 501 2444 eam
540 2379 620 2462 equi
656 2378 841 2442 ascendere
875 2379 1080 2460 potuissent.

135 2477 324 2560 Templarii
344 2487 472 2556 autem,
492 2478 669 2561 praeduces
691 2478 726 2540 in
743 2496 900 2555 ascensu,
917 2498 1083 2561 prospero

135 2594 238 2638 cursu
254 2576 298 2639 ad
315 2577 493 2642 civitatem
513 2578 776 2653 festinaverunt,
799 2584 992 2641 sternentes
1008 2596 1082 2660 per-

134 2673 234 2751 fidos,
260 2677 319 2757 qui
344 2677 509 2741 audacter
530 2676 573 2740 de
598 2675 708 2757 portis
737 2675 866 2756 egressi
893 2675 1082 2740 Christico-

135 2772 178 2835 lis
209 2774 426 2840 venientibus
454 2780 704 2851 occurrerunt3
736 2773 808 2849 sed,
835 2772 904 2835 illis
933 2772 969 2834 in
997 2773 1082 2837 civi-

135 2878 243 2935 tatem
275 2875 385 2938 redire
417 2874 615 2957 compulsis,
644 2872 817 2935 exercitus
848 2869 977 2933 Christi
1007 2877 1082 2933 ten·

135 2970 225 3033 toria
258 2971 401 3036 Soldani
442 2973 626 3056 occupavit
659 2989 701 3034 ac
734 2970 846 3051 spolia
876 2968 1088 3050 fngientium.

134 3088 361 3151 paganorum.
429 3071 578 3153 Targias
611 3070 740 3133 multas
768 3076 802 3133 et
832 3069 975 3150 galeias,
1004 3088 1081 3133 cum

134 3167 290 3233 barbotis
306 3177 342 3234 et
357 3172 503 3234 navibus
520 3170 610 3246 aliis,
626 3188 705 3250 quae
722 3167 812 3231 infra
829 3167 955 3232 Casale
972 3186 1083 3250 usque

135 3266 179 3328 ad
207 3267 383 3333 civitatem
411 3270 686 3344 inveniebantur,
717 3266 934 3331 Christicolae
959 3285 1084 3349 rapue-

133 3373 235 3446 runt3
259 3368 349 3431 unde
369 3368 577 3450 perfidorum
597 3365 793 3442 multitudo,
815 3364 944 3429 relictis
966 3367 1083 3430 uxori·

133 3466 199 3528 bus
234 3485 276 3528 ac
315 3467 471 3548 parvulis
508 3473 650 3549 propter
683 3463 833 3528 fidelium
866 3464 1083 3545 inopinatum

134 3564 331 3643 transitum,
363 3565 405 3629 de
440 3566 602 3629 Damieta
631 3563 804 3646 fugerunt.
857 3562 992 3626 Deinde
1023 3583 1084 3644 per

132 3682 258 3747 gyrum
283 3665 425 3728 obsessa
451 3672 504 3728 ost
531 3663 705 3740 Damieta,
731 3662 887 3726 exercitu
914 3660 1083 3723 exercitui

132 3781 196 3843 per
217 3764 333 3843 pontis
359 3764 642 3845 compositionem
666 3761 879 3836 continuato,
902 3766 1083 3839 utramque

131 3861 243 3941 ripam
262 3862 414 3927 fluminis
435 3863 705 3945 contingentem.
