2978 4996
478 452 617 501 vocans
640 453 911 504 ursronmnuu.
1098 438 1164 504 237

207 609 277 675 lide
292 611 492 677 custodivit.
538 611 696 675 Tandem
710 631 789 675 cum
806 612 842 675 in
859 612 914 675 die
934 611 1162 690 Parasceues,
1179 640 1231 681 nn.
1242 639 1299 680 12³2.

210 730 278 793 qua
310 731 446 776 crucem
478 711 584 775 subiit
620 711 780 775 Christus
813 710 918 775 Jesus
949 729 1013 794 pro
1048 712 1161 777 salute
1175 691 1302 788 iiiiii„

210 811 339 889 mundi,
356 811 400 874 ad
421 812 599 875 ecclesiam
624 830 843 892 properarem
867 813 1046 875 servitium
1065 813 1162 875 audi·
1177 790 1298 830 ¹¹⁵⁰h⁸¹⁰¹'

211 1009 255 1072 ad
276 1009 456 1073 ecclesiam
478 1011 555 1074 iret.
612 1009 790 1073 Festinavi
815 1017 894 1091 post
914 1018 1050 1090 tergum
1074 1010 1162 1092 ejus,

212 1115 251 1173 ut
266 1127 344 1171 eum
364 1108 591 1173 interficerem
614 1108 732 1190 gladio
751 1107 898 1187 educto;
927 1109 986 1171 sed
1005 1109 1063 1172 ille
1079 1129 1163 1173 casu

212 1215 304 1271 retro
329 1208 527 1290 respiciens,
550 1227 628 1271 cum
652 1227 706 1271 me
731 1208 852 1289 rapido
876 1227 978 1271 cursu
1000 1209 1164 1273 advenire

212 1308 439 1389 conspiceret,
454 1307 498 1370 ad
517 1326 652 1370 crucem
668 1307 855 1389 quandam,
871 1327 948 1388 quae
960 1327 1060 1370 secus
1073 1308 1163 1371 viam

213 1407 341 1482 stabat,
373 1405 540 1487 confugit,
563 1407 646 1489 quia
668 1407 773 1469 nimia
795 1413 972 1470 senectute
995 1415 1163 1488 gravatus

212 1523 251 1569 se
276 1505 457 1569 defendere
486 1525 555 1569 non
585 1504 733 1569 valebat.
794 1505 942 1570 Etcum
968 1506 1078 1582 illum,
1104 1508 1164 1589 qui

213 1603 345 1686 lignum
370 1605 482 1669 crucis
511 1605 602 1668 inter
623 1605 764 1667 brachia
786 1606 927 1669 tenebat
952 1607 1163 1688 amplexum,

215 1713 330 1768 erecto
348 1704 464 1785 gladio
479 1704 602 1768 vellem
622 1704 788 1785 perimere
809 1712 845 1767 et
863 1705 1039 1768 cerebrum
1057 1705 1164 1769 effun-

216 1801 309 1880 dere,
341 1803 516 1887 adjuravit
540 1823 594 1866 me
626 1823 687 1885 per
716 1822 841 1865 nomen
869 1801 1035 1867 crucifixi
1058 1805 1164 1882 illius,

213 1903 325 1984 quiin
341 1902 437 1984 ligno
453 1902 564 1966 crucis
580 1922 621 1965 eo
636 1902 691 1965 die
713 1921 776 1984 pro
791 1902 899 1965 totius
916 1903 1034 1964 mundi
1050 1904 1164 1968 salute

215 2002 390 2084 pependit,
414 2022 457 2066 ne
480 2022 558 2065 eum
578 2002 816 2078 interficerem,
838 2009 959 2065 votum
985 2000 1114 2064 faciens
1130 2011 1165 2066 et

217 2100 359 2165 firmiter
380 2103 598 2184 promittens,
614 2101 704 2183 quod
728 2121 792 2183 pro
815 2101 932 2165 anima
953 2101 1063 2183 patris
1085 2102 1165 2177 mei,

216 2219 318 2283 quem
353 2200 491 2277 occidit,
519 2201 737 2282 capellanum
767 2219 874 2263 uuum
905 2201 1100 2281 assignaret
1129 2201 1165 2264 in

215 2308 429 2384 perpetuum,
452 2299 511 2382 qui
533 2301 673 2363 missam
699 2300 820 2363 diebus
842 2300 990 2381 singulis
1012 2300 1165 2365 celebra-

215 2406 278 2463 ret.
330 2400 407 2482 Ego
424 2408 539 2463 autem
560 2419 676 2463 senem
695 2398 793 2464 illum
811 2398 930 2463 videns
946 2399 1163 2482 lachryman-

216 2505 298 2575 tem,
317 2507 509 2563 commotus
528 2519 605 2561 sum
625 2499 668 2561 ad
686 2499 864 2580 pietatem,
879 2500 989 2576 etsie,
1008 2501 1051 2563 ob
1069 2517 1164 2563 amo·

214 2617 284 2662 rem
301 2607 337 2663 et
353 2599 579 2662 reverentiam
602 2597 715 2674 Illius,
737 2599 796 2681 qui
816 2616 878 2680 pro
899 2598 1012 2661 salute
1032 2608 1164 2663 meast

216 2698 367 2762 omnium
401 2717 537 2762 crucem
564 2697 720 2761 ascendit
745 2705 780 2760 et
806 2717 882 2760 eam
907 2716 971 2760 suo
995 2699 1164 2779 sauguine

215 2798 434 2861 sanctissimo
449 2797 676 2871 consecravit,
690 2804 833 2860 mortem
854 2796 963 2877 patris
983 2798 1049 2859 mei
1065 2798 1166 2861 militi

217 2897 433 2961 condonavi.’
469 2896 569 2960 Tunc
584 2915 645 2959 rex
663 2895 764 2958 militi
778 2895 987 2977 respondens
1004 2894 1066 2971 ait,
1081 2896 1166 2959 ‘Sa-

218 2994 374 3079 pienter,'
401 2996 523 3079 inquit,
541 2996 677 3077 ‘egisti
701 2995 784 3076 quia
806 2994 1001 3058 Crucifixus
1024 2993 1082 3057 ille
1103 2995 1166 3058 tibi

216 3115 307 3158 nunc
324 3096 433 3159 vicem
448 3115 510 3178 pro
525 3095 599 3160 vice
616 3093 824 3159 sufficienter
836 3094 1002 3176 persolvit
1016 3089 1035 3173 ;’
1058 3102 1092 3158 et
1106 3095 1166 3157 ad·

217 3213 347 3258 vocans
363 3197 544 3278 episcopos
561 3203 596 3258 et
611 3196 768 3270 barones,
784 3195 843 3276 qui
861 3194 1017 3271 aderant,
1033 3194 1166 3259 revela·

218 3295 269 3358 vit
288 3295 508 3358 audientibus
532 3294 666 3357 cunctis
688 3294 866 3370 visionem,
889 3314 992 3376 quam
1010 3314 1070 3358 rex
1092 3296 1166 3376 ipsc

217 3392 313 3456 solus
330 3393 474 3469 viderat,
495 3394 679 3476 quomodo,
702 3394 846 3470 scilicet,
867 3394 983 3475 imago
1001 3393 1167 3458 crucifixi

218 3489 261 3555 ad
278 3493 435 3574 singulas
450 3493 570 3557 militis
586 3493 847 3574 genuflexiones
862 3502 968 3575 caput
983 3512 1061 3556 cum
1077 3493 1167 3556 collo

221 3590 396 3655 humiliter
412 3592 603 3656 inclinavit.
658 3592 703 3656 Et
717 3612 779 3656 rex
802 3593 965 3656 continuo
988 3592 1032 3655 ad
1055 3612 1092 3655 se
1108 3611 1169 3654 vo·

219 3709 303 3754 caus
319 3692 562 3756 cancellarium
587 3711 686 3755 suum
705 3691 882 3774 praecepit,
906 3698 945 3754 ut
966 3710 1029 3772 per
1047 3690 1167 3753 literas

219 3808 301 3854 suas
324 3798 484 3872 patentes
504 3792 708 3867 vicecomiti,
731 3810 833 3872 quem
855 3789 954 3852 miles
977 3788 1042 3853 sibi
1057 3789 1167 3851 nomi·

220 3898 331 3967 naret,
348 3889 447 3954 daret
469 3891 505 3954 in
530 3890 714 3966 mandatis,
737 3897 922 3972 quatenus,
943 3888 1025 3952 visis
1045 3888 1167 3964 literis,

221 3989 320 4052 militi
354 3997 481 4053 terram
505 4009 603 4054 suam
627 3989 784 4053 redderet
810 3996 919 4051 totam
944 3987 979 4050 in
1005 4007 1047 4052 eo
1072 3994 1167 4051 statu

220 4107 288 4170 quo
322 4089 418 4153 illam
450 4091 581 4172 recepit
608 4089 747 4172 quando
777 4088 873 4151 illum
901 4107 922 4152 a
946 4088 1061 4170 patria
1085 4107 1169 4151 exu-

220 4186 317 4253 lavit.
