2978 4996
368 442 434 508 316
624 456 757 505 nouam
781 456 829 504 na
852 419 1060 505 tisunovun

209 636 330 674 ansae
370 616 450 697 glire
477 622 511 678 et
526 613 722 686 Wallenses
749 611 881 676 remisit
900 612 936 674 in
951 610 1129 692 Angliam,
1155 613 1320 695 aquibus

210 685 319 784 libia.
371 734 432 777 rex
455 714 678 797 praemunitus
699 719 764 789 est,
782 730 826 774 ne
843 710 935 774 ultra
952 710 1135 774 thesauros
1151 713 1249 792 regni
1271 713 1321 776 es·

371 813 531 877 funderet
552 831 614 894 pro
634 811 832 874 defensione
854 811 989 872 comitis
1013 810 1218 887 Britanniae,
1238 811 1320 892 quia

366 912 440 994 jam
468 910 581 974 soedus
608 910 685 973 iniit
711 929 789 972 cum
820 928 901 990 rege
934 909 1158 985 Francorum,
1180 916 1232 985 ut,
1256 909 1322 972 dif-

371 1010 467 1091 fugio
496 1029 517 1072 a
545 1028 627 1089 rege
655 1007 850 1089 Anglorum
879 1007 985 1084 sacto,
1016 1007 1060 1071 ad
1091 1007 1167 1090 ejus
1200 1027 1320 1090 pacem

371 1110 517 1184 veniret,
542 1107 627 1171 nihil
656 1114 863 1188 exspectans
888 1107 954 1168 uisi
976 1114 1016 1170 ut
1040 1106 1223 1170 thesauros
1247 1107 1324 1171 An-

371 1208 451 1288 gliae
474 1207 703 1270 exhausisset.
756 1204 838 1287 Ipse
860 1205 1029 1286 siquidem
1056 1224 1184 1281 comes,
1211 1225 1322 1287 parvo

372 1315 451 1388 post
473 1324 611 1368 emenso
635 1304 798 1385 temporis
823 1304 951 1384 spatio,
972 1304 1008 1366 in
1036 1301 1199 1384 Angliam
1224 1304 1322 1366 veni-

372 1425 433 1467 ens
466 1404 540 1483 regi
576 1404 763 1484 suggessit,
800 1401 891 1484 quod
923 1422 986 1484 pro
1017 1403 1149 1483 treugis
1181 1421 1204 1466 a
1239 1422 1322 1484 rege

376 1503 585 1565 Francorum
610 1500 804 1564 obtinendis
830 1500 992 1583 quicquid
1019 1501 1055 1563 in
1083 1519 1169 1564 auro
1200 1501 1324 1566 hahuit

374 1601 429 1664 vel
456 1606 602 1680 argento
626 1598 805 1674 effuderat,
827 1607 948 1680 petens
972 1600 1039 1662 sihi
1067 1600 1321 1665 restitutionem

372 1699 444 1761 fieri
478 1697 672 1780 quindecim
706 1697 850 1760 millium
884 1716 1088 1775 marcarum,
1119 1717 1207 1780 quas
1241 1718 1322 1762 cou-

373 1804 568 1878 sumpserat
597 1816 659 1877 pro
684 1795 882 1860 defensione
912 1804 1013 1859 terrae
1038 1816 1111 1859 suae
1134 1804 1170 1859 et
1185 1795 1323 1879 Angla-

373 1917 449 1959 rum
468 1896 559 1976 regis
577 1895 718 1959 honore.
766 1894 823 1958 Ad
841 1893 915 1957 haec
932 1895 1144 1976 respondens
1162 1915 1226 1959 rex
1242 1896 1322 1960 dix·

373 1995 412 2072 it,
435 1994 527 2076 quod
550 2014 612 2076 per
633 2013 711 2057 eum
734 2000 866 2074 treugae
889 2012 958 2056 non
981 2003 1080 2058 erant
1096 1995 1249 2058 obtentae
1266 1995 1322 2059 rel

373 2095 597 2170 confirmatae,
620 2092 786 2175 adjiciens
805 2092 956 2171 iusuper,
971 2093 1065 2173 quod
1087 2092 1131 2155 ad
1154 2092 1321 2158 defensio·
1376 2167 1382 2178 Ι

373 2212 452 2254 nem
467 2192 658 2254 Britanniae
679 2209 748 2254 non
765 2189 979 2254 sufficiebant
995 2189 1134 2271 Angliae
1154 2191 1323 2270 thesauri,

373 2290 464 2371 quod
482 2289 556 2372 jam
580 2309 641 2369 per
656 2289 839 2352 triennium
862 2289 1111 2370 comprobavit,
1131 2309 1194 2353 nec
1214 2291 1324 2356 voluit

375 2394 445 2449 tam
475 2386 655 2449 laboriosis
687 2387 849 2468 expensis
874 2387 1022 2469 amplius
1050 2387 1212 2469 fatigari3
1247 2390 1321 2467 sed,

372 2486 404 2547 si
428 2505 543 2548 comes
571 2485 762 2550 Britanniae
788 2485 854 2549 hoc
879 2485 1033 2550 sufficere
1056 2486 1223 2564 crederet,
1247 2490 1321 2571 ipse

375 2585 525 2647 mitteret
547 2592 696 2665 quatuor
718 2586 860 2648 comites
883 2584 925 2647 de
947 2604 1055 2666 regno
1080 2584 1219 2666 Angliae
1243 2605 1321 2650 cum

375 2691 427 2746 tot
450 2683 614 2746 militibus
636 2692 670 2747 et
684 2683 769 2746 viris
795 2684 950 2760 armatis,
972 2684 1032 2765 qui
1057 2682 1253 2750 sufficerent
1278 2686 1322 2749 ad

375 2781 605 2846 defensionem
634 2789 733 2845 terrae
759 2781 852 2844 illius
882 2789 1004 2845 contra
1029 2802 1144 2864 regem
1172 2783 1324 2848 Franco·

375 2900 462 2945 rum.
527 2881 616 2944 Haec
637 2880 780 2943 audiens
805 2899 920 2945 comes
947 2882 1138 2944 Britannia
1164 2883 1276 2947 iratus
1301 2903 1324 2948 a

376 3000 456 3061 rege
483 2980 635 3055 recessit,
657 2987 693 3042 et
715 2979 882 3042 transiens
907 2980 943 3042 in
966 2987 1091 3044 terram
1119 2999 1219 3043 suam
1240 3000 1323 3045 con·

376 3080 472 3141 tiuuo
495 3077 538 3140 ad
559 3097 674 3158 regem
693 3078 905 3141 Francorum
918 3079 1095 3160 confugit3
1122 3087 1169 3156 et,
1185 3086 1226 3142 ut
1242 3099 1323 3163 pro·

376 3175 538 3239 ditionem
563 3185 684 3240 contra
706 3195 821 3257 regem
846 3176 972 3240 laetam
994 3178 1058 3240 suh
1080 3178 1324 3262 qualicumque

375 3272 549 3336 schemate
574 3274 744 3354 palliaret,
770 3276 866 3340 venit
896 3275 939 3337 ad
970 3295 1085 3357 regem
1110 3276 1323 3341 Francorum

376 3371 536 3452 laqueum
566 3373 601 3434 iu
619 3374 707 3437 collo
731 3393 865 3454 gerens,
892 3382 927 3437 et
949 3374 1156 3455 proditorem
1185 3394 1224 3438 se
1247 3396 1324 3441 essa

377 3489 623 3551 recognoscens
650 3472 797 3536 reddidit
820 3473 852 3537 ei
871 3472 1087 3536 Britanniam
1110 3481 1220 3538 totam
1246 3494 1325 3540 cum

376 3571 569 3651 municipiis
584 3577 620 3633 et
635 3570 798 3634 castellis.
850 3569 917 3633 Cui
931 3591 993 3634 rex
1008 3572 1221 3636 Francorum
1238 3574 1324 3639 dici-

376 3676 433 3731 tur
447 3669 675 3751 respondisse,
685 3669 813 3746 ‘Licet,
828 3669 983 3751 proditor
997 3671 1216 3752 nequissime,
1230 3692 1323 3736 mor·

375 3774 444 3830 tem
461 3768 688 3849 promerueris
704 3768 950 3850 turpissimam,
966 3787 1105 3848 parcam
1122 3778 1238 3833 tamen
1253 3779 1324 3835 tuae

375 3866 548 3930 nohilitati
569 3875 606 3930 ut
630 3867 739 3942 vivas,
762 3874 798 3931 et
821 3867 910 3930 daho
930 3867 1146 3931 Britanniam
1168 3867 1240 3932 filio
1263 3877 1324 3934 tuo

375 3967 547 4030 advitam
572 3984 683 4043 suam,
710 3967 761 4029 ita
786 3975 826 4030 ut
848 3972 928 4048 post
952 3973 1096 4029 mortem
1124 3965 1201 4049 ejus
1225 3987 1326 4049 reges

377 4064 588 4128 Francorum
616 4073 717 4127 terras
740 4065 833 4128 illius
853 4064 1008 4127 haeredes
1026 4066 1203 4130 existant.'
1255 4065 1325 4131 (lo-

375 4181 445 4223 mes
470 4171 585 4227 autcm
613 4165 713 4227 rebus
738 4165 896 4228 omuibus
918 4172 956 4228 ut
978 4165 1134 4246 proditor
1152 4164 1326 4248 spoliatus
