2978 4996
469 466 607 514 enonas
631 467 902 516 ursronmnuu.
1118 452 1160 516 31

207 619 396 685 consiliarii
411 619 653 703 inspexissent,
678 621 810 703 placuit
826 621 928 686 valde
951 623 1042 704 quod
1062 622 1160 687 licuit
1173 639 1229 680 ab.
1240 640 1295 679 ¹2¹1·

209 722 259 784 eis
277 723 321 783 ab
337 718 468 801 Anglia
488 720 659 797 recedere,
676 721 736 784 nbi
751 722 817 784 sibi
838 721 961 785 inutile
978 721 1160 786 videbatur
1266 722 1272 731 ’

207 820 339 883 diutius
361 819 588 897 commorari3
612 820 791 884 mandavit
809 821 928 902 itaque
954 819 1159 885 Lodowicus

210 919 326 1000 legato
355 926 391 982 et
414 937 540 999 magno
573 918 818 996 Marescballo,
846 927 884 982 ut
911 920 1001 983 diem
1028 928 1158 984 certum

209 1019 430 1099 providerent
448 1026 482 1081 et
498 1018 623 1094 locum,
639 1019 698 1080 ubi
716 1017 790 1081 haec
809 1024 1008 1101 praetaxata
1025 1020 1160 1100 possint

209 1118 368 1181 celeriter
394 1116 437 1179 ad
466 1116 625 1181 effectum
648 1117 801 1200 perduci.
854 1116 1017 1181 Partibus
1044 1126 1159 1181 autem

209 1217 245 1279 in
276 1216 342 1280 hoc
371 1216 678 1294 consentientibus,
714 1225 949 1280 convenerunt
977 1218 1020 1281 ad
1052 1217 1159 1281 collo-

211 1316 329 1398 quium
362 1335 471 1398 prope
501 1315 620 1379 villam
656 1316 700 1379 de
735 1316 872 1393 Stanes,
898 1316 1005 1398 juxta
1032 1316 1160 1381 flumen

210 1414 411 1493 Thamisiae,
438 1414 480 1477 ad
509 1434 629 1497 paoem
655 1415 918 1491 reformandam,
945 1435 1009 1479 rex
1035 1415 1160 1479 Henri-

209 1534 271 1577 cus
298 1533 377 1577 cum
402 1514 519 1596 legato
549 1520 585 1577 et
606 1533 733 1595 magno
762 1515 994 1578 Marescballo
1027 1524 1062 1579 ct
1082 1516 1160 1578 aliis

211 1613 329 1677 multis
363 1632 408 1677 ex
441 1632 511 1676 nna
543 1622 654 1695 parte,
685 1613 890 1678 Lodowicus
920 1633 997 1677 cum
1026 1615 1160 1678 comiti·

210 1714 275 1775 bns
299 1731 340 1776 ac
366 1712 552 1776 baronibus
579 1720 614 1776 et
634 1712 712 1776 aliis
739 1713 903 1794 imprisiis
933 1713 1006 1777 suis
1033 1734 1078 1776 ex
1107 1714 1158 1777 al-

211 1820 307 1890 tera;
332 1812 404 1888 ubi,
425 1810 542 1874 divina
562 1819 769 1893 cooperante
792 1813 919 1893 gratia,
933 1813 969 1874 in
985 1814 1158 1895 subscrip·

211 1921 281 1975 tam
306 1911 401 1993 pacis
422 1909 568 1974 sormam
588 1912 814 1975 communiter
831 1921 1078 1975 consenserunt
1094 1920 1159 1976 ter-

209 2012 258 2076 tio
274 2011 352 2074 idus
367 2010 587 2091 Septembris.
626 2069 633 2085 ,

264 2176 433 2261 Deforme
440 2175 547 2261 pacis,
561 2185 589 2240 et
604 2175 641 2239 de
652 2177 747 2261 praei
755 2176 921 2261 pun-itione
935 2196 1038 2240 eorum
1052 2175 1107 2259 qui

425 2275 679 2339 eccommunieoti
692 2284 782 2339 orout
790 2297 854 2361 pro
871 2297 948 2361 repe.

254 2398 277 2464 J
280 2391 408 2463 uravit¹
424 2400 461 2463 in
479 2400 597 2482 primis
614 2397 820 2463 Lodowicus
837 2406 872 2462 et
884 2418 1004 2463 omnes
1018 2416 1156 2462 excom·
1170 2423 1265 2463 roma

209 2499 376 2563 munioati
400 2507 436 2562 et
458 2498 602 2580 imprisii
625 2497 701 2581 ejus
728 2518 806 2562 cum
835 2517 887 2574 eo,
914 2499 1017 2562 tactis
1044 2516 1157 2561 sacro
1168 2484 1286 2563 &iiiam

209 2599 341 2662 sanctis
366 2598 566 2679 evangeliis,
592 2598 684 2679 quod
710 2604 844 2661 starent
863 2596 996 2679 judicio
1027 2572 1304 2660 sanctae'mffl'·

209 2697 365 2762 ecclesiae
384 2704 420 2760 et
438 2698 528 2778 qnod
552 2696 594 2761 de
614 2703 740 2760 caetero
763 2696 881 2760 fideles
904 2703 1004 2760 eruut
1019 2696 1158 2759 domino

209 2816 310 2880 papae
326 2801 361 2859 et
377 2795 532 2860 ecclesiae
553 2796 734 2860 Romanae.
779 2794 801 2857 J
805 2796 918 2857 uravit
934 2796 1051 2870 etiam,
1066 2795 1157 2875 qnod

209 2896 436 2960 incontinenti
451 2894 625 2959 recederet
641 2914 719 2958 curn
733 2893 891 2957 omnibus
906 2893 978 2956 suis
990 2892 1034 2956 de
1052 2911 1158 2973 reguo

210 2995 363 3077 Angliae,
391 3014 567 3076 nunqnam
593 2995 629 3057 in
653 2994 728 3058 vita
758 3011 822 3056 sua
850 2993 942 3056 malo
967 2992 1082 3064 animo
1106 3010 1160 3054 re·

211 3114 395 3174 versurus3
420 3102 455 3158 et
475 3095 566 3176 quod
590 3113 652 3176 pro
679 3113 782 3175 posse
809 3112 873 3156 sno
899 3101 1157 3176 patremjsnum

211 3194 410 3277 Philippum
428 3193 619 3270 induceret,
631 3199 671 3256 nt
687 3191 853 3268 Henrico,
867 3190 1061 3273 Anglorum
1072 3191 1158 3272 regi,

210 3294 368 3359 redderet
388 3293 505 3357 omnia
526 3291 609 3375 jura
631 3293 752 3356 suain
778 3292 933 3374 partibus
957 3292 1159 3356 transmari·

211 3394 277 3458 nis.
338 3391 480 3457 Juravit
505 3392 658 3473 insuper,
682 3391 774 3473 quod
803 3391 919 3455 omnia
943 3399 1059 3456 castra
1081 3408 1159 3454 curn

210 3492 312 3557 terris
333 3492 504 3568 omnibuS,
527 3510 614 3573 quas
633 3491 707 3573 ipse
729 3499 764 3554 et
781 3490 836 3553 sui
855 3510 917 3573 per
937 3510 1082 3554 werram
1103 3509 1161 3553 oc-

210 3599 424 3676 cupaverant
441 3592 475 3654 in
498 3611 606 3673 regno
625 3588 777 3671 Angliae,
799 3590 873 3671 regi
895 3598 930 3653 et
946 3591 1019 3653 suis
1038 3587 1160 3651 redde·

210 3699 264 3755 ret
287 3692 527 3755 incontinenti.
580 3689 660 3754 Rex
689 3698 804 3753 autem
828 3688 1035 3769 Auglorum,
1056 3687 1159 3751 tactis

210 3791 442 3854 sacrosanctis
474 3790 676 3872 evangeliis
704 3789 839 3872 juravit
870 3807 946 3851 cum
978 3786 1095 3867 legato
1124 3796 1160 3849 et

210 3888 456 3966 Marescballo,
485 3889 577 3972 quod
605 3888 787 3952 redderent
809 3886 995 3949 baronibus
1019 3884 1160 3966 Angliae

209 3997 246 4053 et
272 3989 349 4053 aliis
380 3988 540 4053 omnibus
571 3988 614 4052 de
642 4007 750 4069 regno
781 3985 895 4048 omnia
916 3984 999 4068 jura
1028 3991 1063 4049 et
1091 3983 1161 4047 hae·

352 4190 494 4262 worda]
512 4196 560 4245 See
573 4195 615 4244 tbe
631 4194 734 4243 articles
746 4193 771 4241 in
784 4192 886 4253 Rymer,
899 4192 917 4241 i.
929 4194 1021 4253 p.148.
