2978 4996
376 495 420 559 82
631 504 764 553 noenar
790 504 837 551 nn
862 501 1069 551 wennovnn

210 686 334 725 noun.
375 666 670 748 proclamaverat3
709 669 744 725 et
771 662 833 737 sic,
864 661 998 724 civibus
1023 660 1265 740 ignorantibus
1293 667 1330 722 et

373 767 448 828 sine
476 764 637 838 tumultu,
661 762 735 824 lata
762 762 894 824 ineam
917 759 1089 822 sententia
1113 759 1328 821 exsecutioni

375 864 511 928 exstitit
531 860 750 925 demandata.
804 859 862 935 Et,
881 859 934 921 his
949 858 1000 922 ita
1014 858 1134 938 gestis,
1151 857 1329 939 ingressus

373 965 478 1027 estin
498 962 672 1026 civitatem
687 959 904 1042 justiciarius
925 977 1003 1021 cum
1022 956 1182 1021 Falcasio
1199 964 1234 1020 et
1250 956 1329 1019 aliis

373 1069 583 1126 armatorum
610 1059 730 1141 copiis,
752 1065 786 1121 et
807 1075 1044 1139 quoscumque
1068 1056 1244 1137 praedictae
1273 1074 1328 1118 se-

371 1161 512 1225 ditionis
538 1157 762 1242 deprehendit
791 1156 983 1239 culpabiles
1013 1156 1091 1237 capi
1118 1154 1200 1218 fecit
1227 1162 1264 1217 et
1291 1155 1327 1217 iu

371 1279 542 1324 carcerem
566 1256 707 1332 retrudi,
729 1275 874 1337 quorum
899 1254 1067 1318 truncatis
1089 1254 1233 1336 pedibus
1254 1253 1329 1318 sive

372 1358 542 1434 manibus,
574 1357 653 1420 illos
681 1356 776 1418 abire
808 1354 985 1437 permisit3
1018 1353 1109 1417 unde
1131 1353 1231 1416 multi
1254 1371 1328 1434 prae

372 1460 494 1522 timore
521 1457 566 1519 ab
594 1456 678 1519 urbe
700 1454 872 1535 fugientes
897 1471 1073 1535 nunquam
1099 1460 1221 1535 postea
1245 1461 1329 1516 sunt

373 1557 513 1620 reversi.
566 1555 647 1618 Rex
668 1573 763 1629 vero,
786 1552 829 1616 ad
854 1553 1019 1635 majorem
1042 1551 1229 1617 vindictam
1252 1570 1326 1614 onr-

371 1675 433 1719 nes
451 1656 545 1718 urbis
567 1654 793 1736 magistratus
811 1653 999 1735 deponens,
1016 1670 1125 1716 novos
1143 1651 1325 1716 constituit
1420 1679 1422 1683 ⁴

372 1755 408 1817 in
425 1755 568 1819 civitate
584 1753 778 1838 praefectos.

554 1924 604 1988 De
618 1923 764 1989 tonitruis
777 1933 805 1988 et
817 1923 894 1987 aliia
910 1922 1144 2009 tempestatibus.

210 2074 313 2115 riulan
417 2049 546 2114 Eodem
565 2067 668 2125 anno,
685 2056 787 2112 sexto
802 2048 880 2111 idus
901 2049 1090 2126 Februarii,
1108 2047 1228 2112 andita
1244 2057 1326 2115 sunt

209 2128 294 2166 '‘⁰¹³¹''
372 2142 541 2213 tonitrua¹
565 2147 742 2224 terribilia,
765 2167 810 2210 ex
833 2165 980 2230 quorum
998 2149 1176 2213 collisione
1198 2148 1326 2213 fulmen

372 2249 538 2312 exsiliens
559 2247 739 2310 ecclesiam
762 2245 805 2309 de
823 2245 978 2310 Graham
1001 2247 1035 2310 in
1059 2249 1226 2312 comitatu
1244 2248 1327 2313 Lin-

372 2347 495 2410 colniee
517 2347 620 2409 sitam
637 2346 836 2409 terribiliter
851 2346 1019 2423 accendit,
1043 2347 1102 2410 ubi
1117 2354 1253 2411 tantum
1272 2357 1326 2414 ta-

372 2446 508 2527 lemque
528 2445 686 2508 foetorem
704 2445 830 2522 emisit,
845 2445 937 2527 quod
955 2446 1067 2522 multi,
1083 2448 1142 2529 qui
1159 2448 1196 2510 in
1214 2449 1324 2513 eccle·

371 2545 425 2608 sia
436 2550 547 2622 erant,
559 2543 730 2626 fugientes
741 2544 899 2608 foetorem
910 2544 1051 2608 sufferre
1065 2565 1132 2609 non
1144 2547 1322 2629 valebant;

371 2645 510 2709 tandem
528 2662 637 2707 sacrae
653 2644 806 2707 candelae
824 2643 1074 2708 illuminatione
1093 2652 1128 2709 et
1143 2665 1242 2728 aquae
1263 2649 1323 2713 be·

370 2744 516 2808 nedictae
532 2745 731 2825 aspersione
748 2744 810 2808 vix
827 2743 919 2824 iguis
938 2745 1132 2809 exstinctus
1150 2754 1224 2826 est,
1248 2767 1322 2812 ves

369 2844 457 2924 tigia
479 2843 582 2926 hujus
609 2843 659 2907 rei
683 2842 795 2906 adbuc
810 2843 846 2905 in
862 2842 923 2906 illo
940 2845 1150 2908 monasterio
1167 2855 1319 2912 manent.

371 2941 460 3006 item
492 2943 610 3006 eodem
641 2960 745 3019 anno,
777 2943 813 3005 in
839 2935 911 3006 ²die
940 2944 1165 3008 exaltationis
1191 2955 1322 3011 sauctae

370 3040 504 3118 CruciS,
527 3061 589 3123 per
612 3047 721 3103 totam
743 3039 906 3123 Angliam
927 3043 1126 3124 mugierunt
1149 3043 1320 3110 horrenda

368 3141 532 3213 tonitrua,
576 3146 612 3202 et
653 3147 774 3204 secuta
813 3148 868 3204 est
905 3141 1085 3205 inundatio
1125 3144 1319 3224 pluviarum

366 3257 445 3300 cum
464 3238 600 3301 turbiue
616 3245 651 3301 et
673 3239 804 3320 impetu
820 3247 1014 3316 ventorum,
1032 3261 1111 3324 quae
1132 3249 1319 3327 tempestas

366 3355 444 3399 cum
472 3336 561 3400 aeris
594 3337 794 3420 intemperie
825 3358 935 3420 usque
967 3340 1011 3403 ad
1047 3341 1318 3431 purificationem

365 3436 477 3499 beatae
496 3436 619 3500 Mariae
644 3457 870 3520 perseverans
893 3439 1023 3515 multis,
1041 3447 1077 3504 et
1093 3426 1244 3507 maxime
1259 3463 1318 3507 co·

365 3533 466 3612 lonis,
494 3536 640 3600 molesta
659 3537 748 3617 fuit3
779 3537 812 3600 in
830 3544 953 3601 aestate
972 3558 1055 3602 vero
1074 3542 1233 3624 sequenti
1249 3542 1320 3605 iru-

365 3643 516 3699 mentum
551 3635 731 3700 duodecim
761 3636 881 3700 solidis
907 3638 1130 3703 vendebatur.
1185 3641 1316 3706 Eodem

339 3786 341 3791 ,
363 3735 467 3797 etiam
485 3754 588 3812 anno,
602 3729 654 3798 ³in
667 3734 756 3799 festo
772 3737 884 3799 sancti
898 3733 1047 3801 Andreae
1065 3740 1225 3821 apostoli,
1240 3733 1319 3804 ⁴au·

399 3918 536 3970 ¹Toaitraa
555 3923 707 3986 terribilia]
731 3923 763 3972 ln
782 3924 824 3973 the
885 3924 1235 3999 ³lnscstoeanctidadrroe5]
1257 3931 1316 3981 soth

363 3991 455 4041 Annal.
471 3991 565 4042 Duust.
583 3993 625 4041 the
643 3994 750 4056 damage
770 4009 825 4045 sus·
850 3997 879 4044 os
889 3997 1041 4048 November.

361 4061 447 4108 tained
458 4060 521 4109 from
533 4062 603 4111 these
620 4067 710 4112 storms
722 4064 745 4112 is
756 4078 824 4113 more

361 4129 527 4189 particularly
538 4133 648 4182 noticed.
885 4133 995 4184 ‘Audita
1006 4141 1063 4186 sant
1075 4137 1205 4202 tonitrua]
1223 4140 1317 4189 Annei.

396 4195 469 4246 'Die
484 4201 643 4250 exaltationis
658 4207 749 4252 macta
762 4205 825 4252 Cru-
851 4205 961 4256 Waverl.
973 4221 999 4267 p.
1009 4211 1065 4257 187.

359 4267 423 4330 cia,·]
440 4268 588 4329 September
598 4271 640 4319 the
653 4271 721 4321 rath.
