2978 4996
395 437 417 499 8
652 447 787 495 noennr
812 448 859 494 nn
884 447 1089 495 wannovnn

234 624 290 666 nn.
301 623 357 662 1²¹⁶
399 607 457 682 tis,
473 612 715 688 processerunt
730 604 848 668 fideles
871 624 933 686 per
947 603 1091 685 planum
1113 603 1220 667 Fabae
1241 623 1352 686 nsque

235 671 368 763 media-⁰
401 705 445 769 ad
475 704 617 769 fontem
627 703 834 781 Tubanniae,
865 722 906 766 eo
930 702 986 766 die
1014 702 1161 767 multum
1188 703 1352 766 laboran-

237 775 292 813 den.

402 813 484 883 tes;
517 809 564 881 et,
589 803 777 887 praemissis
808 802 1084 884 explorantibus,
1117 801 1275 866 videntes
1308 805 1353 867 ab

403 903 610 967 adversariis
643 902 810 981 concitari
840 901 1030 984 pulverem,
1061 900 1185 964 incerti
1213 900 1354 967 fuerunt

404 1009 519 1066 utrum
534 1008 656 1066 contra
672 1019 805 1078 nos,an
823 999 1001 1081 fugiendo,
1015 1006 1251 1082 properarent.
1292 1001 1354 1065 Se-
1402 1025 1405 1030 ·

404 1102 523 1183 quenti
544 1100 600 1163 die
629 1120 690 1182 per
713 1107 847 1163 montes
872 1097 1018 1175 Gelboe,
1045 1117 1133 1180 qnos
1156 1097 1354 1164 habuemnt

405 1199 448 1263 ad
473 1200 632 1263 dextram
663 1207 698 1262 et
721 1198 882 1281 paludem
913 1197 957 1260 ad
989 1198 1176 1274 sinistram,
1207 1197 1353 1278 profecti

405 1305 486 1361 sunt
504 1296 730 1373 Bethsanam,
752 1297 811 1360 nbi
836 1296 1055 1360 adversarius
1079 1305 1198 1360 noster
1223 1305 1354 1362 castra-

406 1403 556 1459 metatus
582 1403 660 1473 est;
693 1394 766 1471 sed,
793 1402 950 1458 metuens
978 1394 1165 1459 adventum
1193 1404 1266 1459 tam
1295 1416 1353 1462 oo·

407 1495 496 1578 piosi
533 1494 600 1557 Dei
630 1494 779 1557 viventis
818 1495 991 1557 exercitus
1025 1502 1060 1557 et
1090 1501 1162 1558 tam
1197 1494 1354 1560 ordinate

407 1592 637 1676 procedentis,
665 1592 816 1656 tentoria
842 1593 968 1656 tollens
997 1599 1033 1656 et
1061 1592 1198 1674 fugiens
1228 1600 1354 1658 terram

408 1692 576 1754 militibus
608 1690 738 1755 Christi
770 1691 974 1755 vastandam
1008 1691 1159 1773 reliquit,
1193 1691 1283 1755 unde
1318 1695 1355 1757 in

409 1789 530 1872 vigilia
568 1790 681 1854 sancti
724 1790 867 1854 Martini
904 1789 926 1854 J
930 1790 1094 1855 ordanem
1136 1799 1355 1856 transeuntes

409 1908 556 1971 corpora
582 1908 647 1952 sua
672 1888 833 1953 lavemnt
856 1889 892 1951 in
918 1909 960 1953 eo
986 1889 1119 1965 fideles,
1153 1897 1189 1954 et
1214 1891 1357 1971 pacifice

410 1989 614 2069 quieverunt
634 1988 761 2052 ibidem
783 2007 845 2075 per
872 1987 1013 2051 biduum
1036 1988 1237 2052 victualium
1260 1992 1355 2072 copi-

410 2106 465 2151 am
484 2088 705 2169 reperientes.
758 2086 894 2149 Deinde
913 2105 1018 2167 super
1039 2087 1138 2150 littus
1161 2089 1265 2150 maris
1282 2086 1356 2153 Ga-

408 2186 499 2249 lileae
522 2192 593 2250 tres
616 2185 773 2250 fecemnt
794 2186 1003 2262 mansiones,
1029 2193 1254 2268 peragrantes
1279 2187 1357 2252 loca

409 2285 445 2348 in
466 2284 591 2366 quibus
610 2285 773 2349 Salvator
794 2290 911 2348 noster
932 2284 1103 2348 mirabilia
1122 2286 1258 2368 operari
1279 2287 1355 2368 dig-

410 2391 514 2447 natus
544 2389 610 2459 est,
641 2383 812 2466 corporali
839 2385 1026 2464 praesentia
1056 2403 1134 2447 cum
1161 2384 1356 2450 hominihus

410 2489 647 2546 conversatus.
686 2481 911 2564 Aspexerunt
926 2482 1163 2558 Bethsaidam,
1180 2484 1357 2549 civitatem

411 2579 562 2644 Andreae
577 2587 612 2642 et
630 2579 740 2657 Petri,
760 2586 842 2643 tunc
858 2580 901 2644 ad
918 2581 1089 2645 modicum
1109 2582 1223 2645 casale
1238 2583 1358 2648 redac-

411 2686 511 2758 tum;
546 2678 705 2743 viderunt
732 2678 836 2742 etiam
868 2679 947 2743 loca
976 2681 1035 2743 nbi
1066 2679 1226 2744 Christus
1256 2682 1359 2746 disci-

411 2778 512 2860 pulos
534 2778 685 2855 vocavit,
708 2797 814 2861 supra
836 2797 930 2843 mare
950 2779 1051 2843 siccis
1073 2778 1217 2861 pedibus
1237 2783 1357 2845 ambu-

411 2876 510 2954 lavit,
532 2879 568 2941 in
592 2878 729 2942 deserto
750 2878 871 2942 turbas
891 2877 1001 2959 pavit,
1022 2884 1174 2942 montem
1198 2887 1359 2944 oraturus

411 2978 580 3054 ascendit,
607 2986 643 3041 et
674 2978 732 3040 ubi
760 2984 840 3059 post
866 2977 1152 3040 resurrectionem
1181 2997 1259 3041 cum
1289 2979 1360 3042 dis-

411 3074 536 3157 cipulis
566 3074 815 3155 manducavit3
858 3082 893 3139 et
929 3076 979 3140 sic
1012 3095 1074 3158 per
1112 3075 1358 3158 Caphamaum

413 3171 537 3236 Achon
560 3174 689 3236 reversi
716 3181 810 3250 sunt,
835 3173 989 3239 infirmos
1019 3195 1102 3240 snos
1131 3183 1359 3257 reportantes.

414 3271 548 3335 Deinde
565 3271 668 3334 aliam
691 3271 937 3354 equitationem
956 3275 1113 3356 aggressi
1130 3274 1248 3338 fideles
1270 3296 1362 3357 pree-

413 3370 496 3434 dicti
518 3379 746 3452 perrexerunt
761 3372 806 3435 ad
829 3380 980 3436 montem
997 3372 1149 3450 Thabor,
1173 3375 1231 3438 ubi
1249 3377 1360 3457 primo

413 3482 581 3552 aqnamm
609 3471 774 3552 inopiam,
802 3478 836 3535 et
858 3470 1078 3554 postmodum
1106 3492 1169 3555 per
1193 3473 1360 3537 defossio-

412 3589 491 3633 nem
524 3568 668 3651 copiam‚
707 3578 933 3651 repererunt;
977 3570 1207 3651 desperabant
1243 3581 1360 3637 antem

413 3669 585 3751 capitanei
618 3669 790 3732 exercitus
826 3669 869 3732 de
903 3687 1048 3732 ascensu
1079 3668 1219 3745 montis,
1251 3669 1360 3736 donec

413 3766 543 3832 dictum
569 3775 623 3830 est
640 3769 702 3844 eis,
726 3775 879 3831 castrum
902 3767 976 3830 fore
999 3764 1320 3849 comprehensibile,
1340 3791 1361 3834 a

412 3887 520 3955 puero
545 3867 729 3931 Saraceno.
797 3865 989 3931 Consilium
1021 3885 1104 3947 ergo
1135 3865 1298 3947 inierunt,
1325 3876 1361 3934 et

413 3966 597 4030 Dominica
615 3967 727 4048 prima
750 3964 943 4051 Adventus,
967 3984 1045 4029 cnm
1064 3965 1238 4049 legeretur
1256 3989 1362 4033 evan·

412 4065 539 4145 gelinm
564 4065 643 4128 ‘Ite
671 4066 706 4127 in
731 4066 911 4131 castellum
937 4066 1028 4148 quod
1055 4072 1177 4131 contra
1200 4087 1262 4131 vos
1286 4069 1362 4146 est,'

411 4163 609 4245 patriarcha
628 4167 805 4247 praecessit
828 4186 905 4230 cnm
927 4168 1028 4249 signo
1048 4166 1172 4242 crucis,
1192 4166 1362 4252 episcopis
