2978 4996
273 634 327 675 Ab.
339 632 395 671 12³1.

280 1721 344 1761 nutu
341 1719 435 1809 gumiz}

283 1820 406 1859 tn01talun

282 1870 359 1919 elergy.

430 441 495 506 230
686 453 820 501 nocruu
846 454 892 500 nn
916 452 1124 500 wnnnovnn

434 614 590 678 similiter
617 620 652 676 et
680 631 834 693 regnum,
858 612 1010 674 nitamur
1034 617 1149 674 atam
1178 610 1278 692 gravi
1300 611 1390 695 jugo

435 712 613 778 servitutis
631 713 774 794 eripere,
791 711 883 776 circa
905 729 977 786 eos,
1000 710 1060 792 qui
1082 710 1125 773 de
1144 710 1316 774 Romanis
1333 712 1389 775 vel

436 833 554 878 eorum
577 812 767 876 redditibus
794 830 832 874 se
858 810 1106 885 intromittunt,
1133 809 1247 872 nullas
1272 818 1390 892 partes

436 921 572 976 vestras
588 913 805 994 interponere
819 910 1057 992 praesumatis3
1076 929 1139 991 pro
1151 916 1246 973 certo
1256 911 1389 985 scituri,

439 1012 545 1094 quod,
563 1012 593 1074 si
614 1010 718 1093 hujus
741 1009 909 1087 mandati,
937 1008 1030 1090 quod
1055 1008 1157 1084 absit,
1184 1008 1389 1072 exstiteritis

440 1111 528 1174 sorte
555 1118 841 1191 transgressores,
869 1127 948 1190 quae
974 1114 1090 1171 vestra
1120 1115 1203 1171 suut
1230 1107 1390 1171 incendio

442 1210 682 1293 subjacebunt,
700 1216 735 1272 et
752 1227 903 1290 poenam,
923 1226 1028 1289 quam
1045 1206 1196 1269 Romami
1213 1206 1391 1271 incurrent

440 1310 476 1372 in
492 1309 660 1392 personis,
675 1327 738 1371 vos
756 1307 950 1370 incurretis.
1003 1305 1153 1369 Valete.’

473 1479 651 1546 Prohibita
667 1499 704 1543 ne
717 1478 1001 1642 rodelantfflrmoe
1015 1478 1064 1545 ael
1077 1479 1217 1544 redditus
1231 1478 1355 1546 abab

936 1600 987 1643 nas

495 1702 608 1766 ‘Item
633 1702 804 1784 religiosis
825 1708 861 1767 et
884 1703 975 1780 aliis,
998 1703 1059 1785 qui
1081 1702 1210 1766 babent
1230 1702 1394 1767 ecclesias

411 1768 683 1866 ⁰Romanorum
699 1802 742 1865 ad
760 1802 906 1878 firmam,
917 1802 1126 1866 universitas
1143 1801 1324 1884 praedicta,
1339 1821 1394 1864 sa·

445 1902 564 1966 lutem.
616 1899 703 1964 Cum
732 1909 812 1983 post
833 1901 1100 1964 innumerabiles
1119 1900 1340 1965 confusiones
1360 1907 1394 1963 et

445 2001 581 2065 infinita
596 2002 810 2081 gravamina,
830 2019 907 2082 quse
925 2001 1088 2078 Romani,
1104 2008 1143 2064 ut
1158 1999 1270 2076 scitis,
1288 2018 1395 2081 reguo

447 2100 585 2182 Angliae
609 2100 812 2163 inflixerunt
835 2098 880 2162 ad
905 2118 1070 2181 praesens,
1096 2100 1132 2162 in
1157 2098 1395 2181 praejudicium

446 2201 538 2279 regis
556 2206 591 2261 ct
606 2206 809 2278 magnatum
828 2200 938 2279 regni,
960 2199 1054 2262 circa
1074 2198 1322 2262 advocationes
1344 2217 1397 2261 ec-

448 2297 631 2361 clesiarum
649 2315 789 2359 suarum
808 2305 975 2360 eteorum
992 2298 1240 2380 eleemosynas,
1256 2297 1316 2379 qui
1331 2297 1397 2362 cle·

448 2397 538 2459 ricos
559 2396 658 2475 regui
682 2395 832 2476 spoliare
857 2397 1018 2460 nituntur
1042 2396 1216 2461 beneficiis
1243 2397 1331 2473 suis,
1358 2404 1396 2459 ut

448 2512 490 2557 ea
504 2494 673 2557 Romanis
689 2494 930 2572 conferentia
945 2495 1110 2578 majorem
1127 2495 1226 2577 regni
1241 2503 1278 2559 et
1287 2495 1396 2560 nostri

447 2592 694 2670 confusionom,
709 2594 752 2656 de
768 2595 938 2659 communi
956 2595 1099 2658 consilio
1113 2602 1316 2676 magnatum
1333 2594 1393 2658 ele

448 2692 574 2773 gimuS,
604 2693 686 2756 licet
716 2693 826 2770 tarde,
853 2695 1025 2770 resistere,
1056 2713 1161 2775 quarn
1191 2712 1311 2757 eorum
1338 2714 1397 2777 op-

448 2791 684 2873 pressionibus
699 2792 973 2856 intolerabilibus
992 2793 1179 2856 decaetero
1203 2793 1396 2875 subjacere,

448 2898 484 2954 et
510 2910 569 2955 eos
601 2911 661 2973 per
693 2892 963 2955 subtractionem
989 2891 1229 2956 beneficiorum
1255 2911 1395 2956 suorum

448 3009 511 3072 per
539 2998 650 3054 totum
682 3009 840 3072 regnum,
865 2991 957 3073 quod
987 2991 1066 3054 aliis
1094 2990 1321 3055 intendebant
1345 2993 1396 3056 in·

448 3089 549 3162 ferre,
566 3090 617 3152 sic
637 3097 783 3166 arctare,
806 3097 884 3153 uta
905 3089 1002 3172 regni
1024 3090 1267 3154 molestatione
1289 3091 1397 3155 desis·

450 3194 538 3250 tant.
591 3186 686 3250 Hinc
701 3195 753 3251 est
768 3188 859 3270 quod
882 3189 982 3253 vobis
1002 3189 1220 3265 mandamus,
1240 3189 1396 3255 districte

448 3284 680 3368 injungentes,
697 3293 869 3369 quatenus
887 3287 929 3350 dc
950 3288 1058 3351 firmis
1074 3288 1309 3365 ecclesiarum,
1322 3290 1395 3353 sive

448 3384 490 3447 dc
507 3384 697 3448 redditibus
711 3406 936 3463 camerarum,
950 3406 1037 3469 quas
1052 3387 1094 3449 de
1112 3386 1282 3451 Romanis
1295 3386 1397 3452 lrabe-

449 3483 506 3559 tis,
530 3484 585 3547 vel
607 3484 738 3549 debetis
760 3486 822 3563 cis,
843 3487 887 3550 de
909 3494 1034 3550 caetero
1057 3506 1126 3551 uon
1148 3486 1397 3569 respondeatis,

447 3584 508 3646 sed
534 3583 645 3647 dictas
664 3585 780 3648 firmas
804 3593 840 3649 et
860 3585 1013 3649 redditus
1033 3585 1190 3648 habeatis
1206 3593 1350 3667 paratos
1363 3586 1397 3649 in

448 3684 598 3746 crastino
626 3683 831 3760 Dominicee,
853 3704 923 3767 qua
948 3692 1109 3749 cantatur
1131 3684 1296 3748 ‘Laetare
1314 3684 1397 3748 Hic·

450 3782 624 3860 rusalem,'
635 3785 850 3864 procuratori
868 3791 987 3848 nostro
1001 3784 1192 3848 literatorie
1206 3802 1227 3847 a
1243 3785 1344 3848 uobis
1356 3783 1398 3847 ad

448 3879 512 3943 hoc
544 3881 639 3957 dato,
671 3883 814 3947 abbates
839 3883 970 3947 scilicet
1001 3890 1037 3947 et
1061 3883 1193 3964 priores
1220 3883 1397 3947 incorum

449 3980 679 4058 monasteriis,
691 3981 750 4045 alii
768 4002 850 4045 vero
868 3983 1060 4065 presbyteri
1077 3981 1238 4046 etclerici
1252 3984 1308 4046 vel
1320 3982 1398 4046 laici

448 4077 492 4140 ad
510 4079 667 4161 proprias
685 4081 848 4145 ecclosias
863 4082 1112 4158 Romanorum,
1129 4080 1314 4160 tradituri3
1338 4101 1400 4163 pro

450 4184 544 4240 certo
558 4179 718 4257 scientes,
735 4181 839 4262 quod,
854 4181 885 4245 si
898 4182 963 4245 lroc
977 4200 1047 4245 non
1060 4180 1222 4258 feceritis,
1236 4200 1315 4262 quoe
1327 4200 1401 4245 ves·
