2978 4996
371 402 415 466 80
629 415 764 465 rocnnr
789 416 836 464 na
859 415 1067 464 wannovna

210 595 333 683 prr-¹222.
371 577 546 661 praedictae
574 583 695 642 contra
729 575 1036 659 comprovinciales
1071 582 1174 640 extra
1204 576 1323 639 urbem

210 646 304 734 alliot
371 678 514 759 positos,
534 677 662 740 scirent
690 684 729 740 ut
751 677 830 757 quis
852 695 969 739 eornm
995 674 1170 739 videretur
1192 676 1324 739 viribus

370 795 446 840 esse
477 776 598 859 major.
652 775 728 838 Illis
761 781 878 838 autem
906 774 967 837 diu
999 774 1257 839 decertantibus
1289 782 1325 839 et

370 875 449 939 hinc
479 875 558 938 inde
592 874 895 950 tumultuantibus,
922 874 1028 951 cives,
1058 874 1136 937 aliis
1160 873 1324 950 confusis,

370 974 549 1038 victoriam
583 980 815 1055 reportarunt.
869 972 968 1035 Inter
994 972 1082 1036 alios
1106 992 1245 1055 quoque
1272 992 1326 1037 se-

372 1073 567 1136 neschallus
585 1072 721 1136 abbatis
731 1071 1034 1136 westmonasterii
1049 1071 1213 1135 confusus
1232 1091 1326 1136 rece-

370 1172 467 1249 dens,
486 1171 658 1253 quomodo
684 1190 722 1234 se
744 1189 896 1252 suosque
917 1170 1100 1252 complices
1120 1169 1323 1248 vindicaret,

371 1272 497 1334 anxius
513 1271 702 1354 cogitabat.
733 1268 889 1332 Tandem
904 1269 997 1333 hunc
1009 1269 1171 1333 vindictae
1186 1269 1325 1333 modum

372 1371 575 1451 excogitans
602 1368 728 1432 statuit
750 1368 893 1432 arietem
921 1368 957 1431 in
986 1360 1056 1431 ¹die
1080 1368 1193 1432 sancti
1226 1366 1325 1432 Petri

372 1468 415 1531 ad
434 1467 586 1544 vincula,
603 1467 810 1530 denuntians
826 1487 888 1549 per
904 1466 1130 1550 provinciam,
1146 1474 1186 1531 ut
1204 1485 1325 1531 omnes

373 1567 418 1631 ad
451 1566 624 1630 luctamen
655 1565 813 1630 venirent
842 1565 934 1647 apud
964 1565 1325 1645 westmonasterium,

372 1672 409 1729 et
432 1666 492 1748 qui
519 1665 640 1729 melior
661 1664 695 1728 in
726 1663 912 1728 luctamine
940 1664 1153 1729 inveniretur
1180 1664 1323 1729 arietem

372 1784 435 1846 pro
454 1763 608 1828 mercede
625 1763 808 1846 acciperet.
857 1762 1049 1827 Praedictus
1064 1764 1196 1828 interea
1210 1783 1325 1828 senos-

373 1863 508 1927 challus
533 1863 760 1946 congregavit
786 1863 879 1926 viros
905 1861 1067 1927 robustos
1092 1871 1127 1927 et
1153 1862 1189 1925 in
1213 1861 1328 1927 lucta·

373 1964 464 2026 mine
480 1963 674 2045 expeditos,
696 1969 736 2025 ut
753 1962 803 2024 sic
825 1961 948 2024 saltem
965 1962 1110 2026 victoria
1133 1961 1325 2043 potiretur;

373 2062 466 2126 cives
479 2082 560 2125 vcro
573 2081 617 2126 ex
629 2059 774 2126 victoria
789 2061 916 2124 iterata
930 2061 1083 2142 gaudere
1094 2059 1271 2142 cupientes
1288 2060 1326 2124 in

373 2180 477 2224 manu
492 2160 609 2224 valida
626 2167 863 2224 convenerunt
885 2158 929 2223 ad
950 2158 1081 2237 ludum,
1104 2168 1221 2241 atque,
1246 2159 1327 2223 hinc

373 2260 452 2322 inde
470 2260 657 2322 certamine
669 2258 846 2335 inchoato,
863 2258 921 2321 diu
939 2265 974 2322 et
991 2260 1126 2323 fortiter
1143 2277 1181 2322 se
1202 2265 1323 2323 mutuo

374 2359 647 2439 prosternebant.
700 2357 943 2420 Seneschallus
963 2377 1100 2441 quoqne
1119 2358 1327 2439 saepedictus

373 2475 451 2518 cum
474 2457 680 2519 suburbanis
700 2464 734 2519 et
750 2457 1107 2539 comprovincialibus,
1129 2457 1188 2538 qui
1210 2457 1326 2539 potius

373 2555 562 2618 vindictam
581 2575 685 2637 quam
710 2555 829 2618 ludum
855 2556 1031 2632 sitiebant,
1057 2556 1131 2618 sine
1153 2574 1259 2619 causa
1281 2555 1325 2619 ad

373 2672 471 2717 arma
495 2655 689 2736 prosiliunt,
713 2661 819 2736 atque
841 2654 946 2730 cives,
969 2655 1029 2736 qni
1051 2654 1197 2717 inermes
1220 2655 1325 2719 adve-

373 2762 509 2831 nerant,
532 2755 686 2836 gravitcr
708 2761 742 2817 et
763 2773 831 2817 non
859 2753 933 2816 sine
956 2753 1135 2835 sanguinis
1161 2753 1326 2818 effusione

373 2853 609 2934 pulsaverunt.
664 2851 713 2916 At
730 2853 823 2916 cives
842 2852 990 2934 turpiter
1009 2851 1181 2916 vulnerati
1204 2851 1323 2932 sugam

373 2953 578 3034 arripientes
592 2971 670 3015 cum
688 2952 839 3014 maxima
854 2949 1055 3014 confusione
1072 2952 1219 3032 ingressi
1240 2960 1323 3015 sunt

372 3051 570 3127 civitatem;
595 3051 720 3131 quibus
737 3049 913 3130 ingressis,
934 3051 1086 3114 surrexit
1101 3049 1269 3113 tumultus
1290 3050 1326 3113 in

372 3148 514 3230 populo,
528 3149 697 3230 signoque
714 3149 887 3212 communi
909 3148 1060 3230 pulsato,
1083 3150 1176 3213 civcs
1193 3150 1325 3231 pariter

373 3254 621 3323 convenerunt,
656 3253 703 3324 et,
734 3267 771 3310 re
797 3253 898 3328 gesta
923 3248 1056 3311 cunctis
1082 3267 1144 3330 per
1170 3246 1325 3311 ordinem

373 3344 560 3422 declarata,
586 3346 712 3409 diversi
739 3346 911 3409 diversam
931 3346 1095 3410 vindictae
1118 3348 1325 3411 sententiam
1394 3337 1397 3342 ’

373 3444 601 3525 protulerunt.
654 3445 751 3509 Serlo
781 3445 920 3508 tandem
946 3445 1058 3529 major
1083 3445 1248 3522 civitatis,
1272 3447 1326 3510 vir

373 3543 523 3624 prudens
552 3552 587 3608 et
611 3544 788 3626 pacificus,
815 3544 997 3607 consilium
1018 3542 1123 3620 dedit,
1151 3551 1191 3607 ut
1217 3546 1325 3609 abbas

373 3641 674 3707 westmonasterii
701 3663 806 3725 super
829 3642 890 3705 illa
921 3643 1161 3706 conveniretur
1187 3643 1326 3726 injuria,

373 3760 476 3822 quam
500 3743 530 3805 si
554 3742 658 3806 vellet
682 3763 744 3824 pro
770 3760 807 3805 se
830 3743 970 3823 suisque
994 3741 1165 3823 corrigere
1190 3761 1327 3825 compe·

373 3848 497 3917 tenter,
517 3841 584 3904 hoc
608 3839 779 3904 sufficeret
801 3841 984 3904 universis.
1037 3840 1093 3904 Ad
1117 3841 1192 3904 haec
1213 3835 1327 3905 ²Con·

407 4037 475 4088 'Die
485 4041 564 4089 macti
576 4041 648 4090 Petri
664 4043 696 4090 cd
712 4041 836 4105 rincum]
864 4042 990 4103 Arnulph.
1028 4042 1327 4093 Parisrelatesthattlre

372 4110 476 4169 August
487 4110 529 4158 the
542 4113 589 4160 lst.
863 4111 1032 4161 executiones
1040 4112 1090 4160 this
1099 4111 1264 4162 Constantine
1273 4128 1328 4162 was

406 4173 617 4246 wowonium]
628 4181 835 4230 eumamedFitz-
862 4197 909 4230 one
919 4181 949 4231 oi
962 4181 1004 4229 the
1019 4182 1091 4242 pleas
1103 4181 1184 4244 urged
1200 4182 1235 4244 by
1248 4183 1328 4233 Leuis
