2978 4996
402 472 541 520 riorus
565 473 834 524 nrsronmnuu.
1048 460 1090 522 17

134 633 188 688 tes
212 645 274 707 per
297 626 460 691 virtutem
483 627 550 691 Dei
573 636 608 691 et
627 628 662 690 in
689 627 842 709 periculo
866 628 995 692 ordinis
1019 630 1086 704 sui,
1101 637 1224 679 ’Μ’-1217·

134 732 186 795 ut.
204 733 391 807 antequam
409 727 523 789 cibum
541 735 705 803 sumeret,
722 726 764 789 ad
785 728 898 791 locum
919 727 1085 792 accedens

134 842 271 887 crucem
313 825 489 889 monacbis
524 827 749 903 restitueret;
788 827 969 908 presbyter
1002 847 1085 891 vero

135 942 214 985 cum
240 923 462 988 festinatione
487 924 531 987 ad
555 925 744 988 oratorium
766 925 858 988 beati
884 924 1084 1007 Ampbibali

135 1024 298 1106 martyris
322 1024 462 1086 veniens
488 1043 624 1087 crucem
653 1031 850 1087 reverenter
874 1023 1028 1100 tradidit,
1049 1032 1084 1087 et

135 1107 262 1198 omnia,
296 1141 374 1203 quae
404 1123 497 1185 circa
526 1122 621 1185 illam
651 1121 854 1186 mirabiliter
883 1131 963 1186 acta
989 1131 1083 1199 sunt,

136 1220 241 1300 priori
261 1228 295 1285 et
314 1220 478 1285 fratribus
500 1222 687 1285 enarravit.

167 1391 216 1455 De
228 1392 374 1457 solatione
389 1393 556 1458 obsidionis
570 1396 669 1459 castri
682 1395 846 1460 Munsorel
859 1406 886 1459 ot
899 1395 1051 1460 obsidione

460 1495 558 1557 cauri
571 1494 751 1558 Lincolniae.

188 1614 371 1680 Exercitus
389 1619 498 1699 igitur
515 1618 689 1684 Lodowici
706 1639 746 1682 ac
765 1621 931 1683 baronum
948 1619 1085 1701 Angliae
1097 1629 1213 1718 {md

136 1715 229 1794 apud
263 1716 527 1798 Dunestapliam
555 1720 760 1799 perveniens
786 1718 911 1782 ibidem
944 1729 1172 1802 pernoc-utwd·

136 1814 235 1878 tavit.
302 1815 408 1878 Mane
446 1825 560 1880 autem
598 1817 703 1894 sacto,
736 1837 857 1880 versus
887 1818 1084 1900 aquilonem

137 1913 267 1977 vexilla
296 1914 424 1978 direxit
446 1922 482 1979 et
502 1935 610 1992 arma,
636 1923 675 1979 ut
703 1915 915 1980 obsidionem
939 1919 1085 1999 praedic-

136 2018 207 2073 tam
241 2013 375 2078 solvere
404 2022 620 2091 maturaret;
655 2016 715 2077 sed
744 2034 858 2078 comes
891 2014 1085 2079 cestrensis

138 2110 346 2193 Ranulphus
387 2122 422 2177 et
453 2112 524 2190 alii,
562 2115 621 2196 qui
659 2133 737 2177 cum
772 2114 833 2178 illo
872 2113 1084 2177 obsidionem

136 2211 299 2289 agebant,
325 2213 368 2275 ab
399 2213 676 2294 exploratoribus
706 2213 915 2294 praemuniti,
945 2214 1086 2294 expedi·

138 2309 231 2372 tione
257 2309 411 2388 dimissa,
435 2311 478 2375 ad
510 2319 661 2375 castrum
690 2332 766 2375 sese
797 2312 839 2376 de
869 2312 1084 2394 Notingbam

137 2408 351 2473 conferentes
384 2411 609 2475 decreverunt
636 2412 875 2488 communiter,
905 2419 945 2475 ut
976 2412 1083 2476 bosti-

138 2526 196 2569 um
233 2511 548 2591 supervenientium
583 2509 710 2573 ibidem
748 2511 970 2593 explorarent
1004 2532 1086 2594 pro-

138 2625 306 2686 gressum.
352 2608 508 2672 Berones
524 2610 652 2690 itaque,
668 2629 757 2686 cum,
776 2611 910 2674 cunctis
924 2620 1085 2675 coemete·

139 2706 197 2768 riis
225 2715 260 2770 et
279 2708 431 2772 ecclesiis
461 2709 620 2772 omnibus
649 2727 743 2771 more
770 2709 873 2772 solito
901 2728 964 2791 per
992 2710 1085 2773 viam

138 2805 308 2887 spoliatis,
339 2807 382 2870 ad
412 2808 592 2871 castellum
625 2806 667 2869 de
697 2806 876 2871 Munsorel
909 2808 1085 2889 pervenis·

139 2912 229 2982 sent,
257 2907 429 2970 communi
459 2908 611 2971 omnium
644 2906 788 2969 consilio
817 2905 993 2969 decretum
1020 2912 1085 2982 est,

139 3011 179 3066 ut
198 3023 320 3068 versus
348 3005 561 3069 Lincoluiam
587 3013 825 3089 properarent,
849 3005 907 3067 ubi
930 3003 1085 3069 Gileber-

139 3110 196 3165 tus
216 3103 259 3166 de
277 3103 373 3169 Gant
388 3122 464 3169 cum
483 3106 561 3168 aliis
576 3106 764 3169 baronibus
786 3104 994 3186 supradictis
1011 3104 1087 3167 diu.

138 3201 245 3264 tinam
268 3204 480 3268 obsidionem
500 3211 656 3286 egerant,
671 3204 730 3267 sed
754 3205 902 3268 inanem.
953 3203 1086 3268 Trans-

140 3309 261 3365 euntes
288 3303 396 3384 igitur
424 3306 571 3368 barones
607 3323 669 3384 per
697 3303 820 3366 vallem
854 3302 897 3367 de
928 3304 1085 3379 Belvero,

140 3402 257 3464 omnia
288 3403 336 3465 ibi
370 3403 406 3466 in
439 3422 523 3466 usus
552 3402 755 3486 praedonum
784 3409 974 3479 cesserunt,
1005 3403 1088 3484 quia

140 3501 272 3580 pedites
289 3501 331 3565 de
351 3522 458 3583 regno
474 3503 699 3578 Francorum,
716 3502 776 3584 qui
799 3502 899 3583 quasi
920 3502 1088 3583 spurcitia

139 3598 232 3663 illius
253 3601 402 3681 regionis
422 3609 457 3664 et
471 3620 595 3684 spuma
614 3609 725 3678 erant,
744 3600 828 3664 nihil
847 3601 986 3663 omnino
1008 3600 1087 3663 reli-

140 3707 289 3778 querunt
310 3699 478 3764 intactum
496 3720 509 3779 3·
538 3708 639 3764 tanta
663 3719 811 3781 namque
837 3700 873 3761 in
900 3698 969 3763 illis
993 3699 1089 3779 vige·

141 3798 201 3861 bat
221 3807 408 3880 paupertas
432 3808 467 3863 et
492 3799 641 3876 miseria,
664 3799 758 3882 quod
778 3800 814 3861 in
835 3798 989 3860 vestibus
1012 3816 1089 3859 cor·

141 3897 254 3977 poreis
288 3898 379 3961 unde
414 3898 574 3981 pudenda
605 3904 829 3978 contegerent
862 3890 1005 3958 ¹natura
1038 3896 1088 3959 eis

140 3996 279 4059 minime
297 4000 478 4062 concessit.
531 3999 691 4079 Denique
711 3995 754 4058 ad
777 3994 992 4058 Lincoluiam
1011 4015 1090 4079 per-

176 4173 328 4239 ιΝιιέιι»“ιι.]
351 4176 444 4225 Uoleso
471 4183 518 4239 put
535 4177 573 4225 sor
594 4177 602 4204 ‘
615 4169 760 4236 naturalia:
778 4175 798 4222 it
819 4174 842 4221 is
866 4170 972 4220 difficolt
998 4178 1023 4220 to
1048 4186 1090 4220 see

141 4244 210 4293 wbat
221 4245 244 4293 is
254 4244 314 4294 bere
326 4245 453 4295 intended.
661 4266 664 4271 ·

192 4335 273 4382 VOL.
294 4336 341 4383 lV.
922 4333 941 4377 C
