2978 4996
474 470 613 518 eronus
638 470 905 543 nrsronrnnou.
1117 459 1161 522 13
1253 500 1260 513 .

210 639 245 692 et
267 629 344 691 aliis
372 628 563 708 peregrinis
586 638 622 691 et
645 627 807 709 hospitali
837 627 879 691 de
907 629 1008 692 domo
1028 627 1158 692 Teuto-
1174 646 1228 685 nn.
1241 644 1296 683 121⁷.

210 729 378 804 uicorum,
400 735 551 790 castrum
574 728 668 808 qnod
688 727 769 790 olim
790 727 1046 802 ‘Districtum’
1070 747 1160 792 nunc

211 835 328 890 autem
351 830 525 889 ‘castrum
549 824 840 906 Peregrinorum,'
863 825 1001 902 dicitur,
1025 826 1160 889 firmare

210 933 412 1006 coeperunt3
446 924 511 987 boc
538 932 652 987 autem
682 932 833 987 castrum
861 926 965 988 situm
993 935 1047 988 est
1070 925 1161 987 inter

212 1022 381 1105 Caipbam
419 1029 454 1085 et
488 1022 696 1097 Caesaream,
732 1042 802 1085 non
835 1023 938 1103 longe
975 1023 1109 1086 distans
1139 1043 1161 1086 a

211 1123 320 1201 mari3
351 1128 562 1204 quapropter
587 1121 679 1184 viam
705 1121 860 1184 strictam
884 1120 1161 1197 ascendentibus,

212 1229 246 1284 et
265 1220 308 1283 ad
326 1218 547 1283 Hierusalem
565 1238 717 1305 peream
735 1218 1033 1293 descendentibus,
1055 1219 1160 1282 ‘Dis-

213 1319 364 1382 trictum’
386 1318 576 1381 dicebatur.
630 1317 749 1400 Hujus
770 1319 874 1381 castri
898 1319 1009 1399 prima
1026 1317 1160 1381 utilitas

214 1425 279 1493 est,
313 1417 403 1499 quod
439 1424 630 1481 conventus
657 1416 946 1497 Templariorum,
973 1416 1117 1479 eductus
1140 1435 1162 1479 a

215 1516 406 1598 peccatrice
418 1523 454 1578 et
465 1515 559 1578 omni
572 1514 739 1596 spurcitia
754 1516 857 1596 plena
871 1516 1012 1578 civitate
1024 1513 1161 1591 Acbon,

216 1633 325 1696 usque
344 1614 387 1677 ad
406 1614 659 1694 reparationem
681 1632 857 1677 murorum
876 1613 1108 1689 Hierusalem,
1127 1614 1162 1675 in

215 1712 319 1795 hujus
357 1712 463 1775 castri
499 1712 661 1794 praesidio
698 1711 870 1775 residebit.
935 1712 1162 1775 Territorium

216 1812 292 1894 ejus
313 1811 482 1892 piscariiS,
502 1810 634 1887 salinis,
656 1810 765 1886 silvis,
784 1811 934 1891 pascniS,
957 1811 1062 1892 agris,
1086 1809 1162 1873 her-

217 1911 281 1986 bis,
306 1910 426 1986 vineis,
456 1908 566 1973 hortis
598 1916 633 1971 et
661 1909 822 1990 pomeriis
848 1908 1010 1971 abundat.
1067 1908 1165 1972 Inter

217 2006 340 2073 Acbon
374 2016 409 2071 et
438 2006 658 2070 Hierusalem
694 2006 826 2069 nullum
860 2015 914 2070 est
942 2008 1163 2089 municipium

218 2106 310 2187 quod
332 2105 496 2169 Saraceni
515 2113 670 2181 teneant,
692 2106 855 2187 quocirca
878 2124 922 2167 ex
949 2104 1014 2166 boc
1038 2099 1162 2185 ¹plnri-

218 2224 312 2267 mum
328 2204 593 2267 damnificantur
609 2203 774 2266 infideles.
828 2203 926 2266 Inter
943 2202 1164 2266 Hierusalem

218 2310 252 2367 et
273 2302 297 2365 J
301 2302 462 2366 ordanem
493 2310 630 2384 portum
660 2301 765 2365 babet
790 2303 995 2366 naturaliter
1026 2303 1164 2378 bonum,

218 2421 281 2464 sex
303 2400 471 2463 milliariis
488 2400 622 2464 distans
639 2420 661 2463 a
677 2407 794 2464 monte
811 2400 971 2478 Thebon
995 2400 1085 2464 unde
1101 2400 1164 2464 Sa·

220 2500 334 2563 raceni
365 2500 401 2561 in
430 2518 566 2581 campo,
590 2498 649 2580 qui
672 2499 866 2581 interJacet,
896 2501 1002 2580 longo
1024 2507 1059 2562 et
1082 2500 1167 2575 lato,

220 2617 283 2661 nec
311 2616 409 2660 arare
440 2605 586 2679 possunt
610 2616 672 2659 nec
696 2597 877 2675 seminare,
899 2605 1042 2681 propter
1064 2597 1167 2679 hujus

220 2697 324 2759 castri
355 2694 554 2777 praesidium
584 2703 619 2759 et
645 2695 813 2759 levamen.
868 2696 1021 2759 Firmato
1049 2697 1168 2777 itaque

221 2795 282 2858 tali
314 2803 441 2871 castro,
472 2794 645 2857 exercitus
680 2793 822 2856 Domini
856 2813 1014 2857 reversus
1049 2801 1103 2857 est
1133 2795 1168 2855 in

222 2892 357 2956 Acbon.

261 3064 309 3126 De
322 3063 420 3147 siquis
434 3062 608 3141 caelestibus,
625 3063 707 3127 unde
721 3065 854 3127 excitata
864 3062 936 3146 fuit
951 3061 1135 3126 Octauianis
1163 3048 1170 3058 ¹

424 3163 593 3245 prouincia
608 3163 653 3226 ad
666 3162 836 3246 obsequium
851 3163 961 3225 crucis.

274 3277 364 3346 Sub²
390 3283 444 3346 bis
472 3303 610 3367 quoque
635 3283 768 3360 diebus,
802 3302 918 3347 mense
947 3282 1056 3360 Maio,
1086 3283 1173 3346 feria
1186 3307 1331 3346 rnatum·

225 3381 356 3445 scilicet
388 3389 491 3446 sexta
529 3389 611 3446 ante
644 3382 886 3458 Pentecosten,
921 3383 1075 3445 excitata
1107 3356 1316 3455 fuitllo‘llaa

223 3480 403 3561 provincia
427 3480 645 3545 coloniensis
668 3482 704 3543 in
726 3481 927 3562 obsequium
956 3479 1149 3544 Salvatoris
1162 3501 1171 3559 ;
1184 3455 1282 3504 ⁰⁰¹⁰⁸¹¹⁸'

224 3598 304 3640 nam
324 3580 359 3641 in
379 3579 463 3642 villa
483 3580 604 3643 Bebon
628 3580 753 3643 Frisiae
772 3580 934 3660 apparuit
951 3579 986 3640 in
1009 3598 1088 3641 aere
1109 3579 1170 3642 tri-

225 3677 307 3757 plex
331 3676 442 3740 forma
469 3679 593 3754 crucis,
623 3697 704 3754 una,
728 3678 851 3741 coloris
883 3675 1032 3752 candidi,
1053 3695 1172 3739 versus

225 3775 433 3855 aquilonem,
477 3776 588 3840 altera
626 3796 745 3839 versus
789 3776 977 3849 meridiem,
1019 3773 1173 3855 ejusdem

225 3873 410 3937 schematis
439 3882 474 3937 et
497 3875 633 3951 coloris
660 3876 777 3949 tertia,
801 3873 913 3936 medio
939 3871 1053 3934 colore
1081 3872 1174 3935 colo·

226 3980 313 4048 rata,
343 3971 475 4035 babens
506 3974 616 4036 crucis
650 3971 843 4054 patibulum
871 3979 906 4034 et
937 3970 1081 4032 formam
1115 3955 1176 4032 bo·

263 4148 270 4177 ¹
285 4150 446 4211 Plurimum]
461 4149 515 4197 The
527 4151 619 4211 scribe,
630 4151 689 4198 mis·
750 4145 824 4197 'Sub
835 4148 875 4197 lis
891 4164 981 4212 quaque
996 4149 1101 4214 dietae]
1117 4150 1176 4200 Jac.

224 4219 314 4280 taking
330 4219 373 4267 tbe
385 4219 456 4267 word
472 4220 499 4266 in
515 4218 555 4267 bis
571 4220 688 4282 original,
715 4218 748 4267 de
759 4218 865 4268 Vitriec.
877 4234 903 4280 p.
917 4222 990 4268 11³1.

226 4289 273 4337 bas
284 4289 386 4337 written
398 4284 592 4350 ‘privilegium’
