2978 4996
396 434 441 498 38
648 443 782 491 rocam
806 442 854 489 un
880 440 1085 489 wnuoovna

238 638 293 678 ao.
304 636 359 676 121⁸.
400 600 501 666 simul
517 609 552 665 et
567 601 756 682 cogonibus
778 599 985 682 conjunctis,
1007 599 1043 661 in
1066 598 1235 661 malorum
1257 617 1352 661 sum-

401 700 579 764 mitatibus
603 699 716 762 scalas
736 705 973 782 praepararent
987 704 1023 760 et
1037 697 1073 759 in
1089 697 1139 761 eis
1155 697 1355 760 balistarios

402 806 599 864 statuerunt
623 806 659 862 et
686 807 851 873 armatos,
883 796 974 860 unde
1006 814 1106 859 suum
1135 797 1353 878 propositum

402 898 629 981 perducerent
643 898 686 961 ad
702 897 872 961 effectum.
920 894 1034 976 Igitur
1052 893 1125 958 dux
1147 893 1302 958 Austriae
1318 903 1355 958 et

404 996 592 1079 Hospitale
619 997 731 1061 sancti
758 995 781 1058 J
785 994 931 1059 ohannis
961 1013 1066 1075 super
1090 993 1178 1057 duos
1202 1012 1354 1074 cogones

404 1096 491 1160 duas
506 1095 620 1159 scalas
637 1094 862 1171 fabricarunt,
884 1111 964 1175 qnae
982 1093 1074 1156 circa
1097 1092 1224 1156 festum
1242 1092 1355 1156 sancti

404 1195 427 1258 J
431 1194 578 1258 ohannis
595 1194 766 1275 Baptistae
783 1199 906 1257 contra
923 1192 1044 1255 turrim
1060 1190 1200 1255 fuerunt
1215 1199 1354 1267 erectae,

405 1294 500 1357 illam
517 1292 662 1357 viriliter
679 1291 940 1355 defendentibus
956 1289 1148 1354 Saracenis.
1182 1288 1354 1372 Hospita-

406 1393 572 1454 lariorum
589 1390 695 1463 scala,
719 1389 804 1471 proh
821 1389 941 1454 dolor!
969 1388 1145 1454 confracta
1162 1408 1243 1452 suos
1259 1388 1355 1470 prius

407 1488 639 1572 praecipitavit
654 1489 690 1550 in
713 1487 841 1551 flumen
863 1488 1069 1567 bellatores3
1104 1487 1257 1552 secunda
1272 1506 1355 1550 vero

408 1587 516 1663 scala,
539 1585 637 1649 ducis
660 1585 820 1650 videlicet
835 1584 1002 1664 Austriae,
1024 1587 1128 1650 simili
1152 1585 1255 1650 modo
1276 1604 1354 1649 cnm

409 1686 501 1749 malo
516 1685 641 1750 cecidit
659 1691 694 1749 et
711 1685 837 1749 milites
857 1692 1018 1750 strenuos
1039 1694 1074 1750 et
1091 1686 1178 1749 alios
1203 1693 1357 1749 armatos

409 1786 445 1847 in
473 1784 593 1847 Nilum
617 1783 792 1861 demersit,
815 1784 876 1848 sed
900 1785 1022 1848 horum
1047 1784 1200 1848 omnium
1222 1783 1356 1847 animas

411 1883 570 1947 Christus
610 1883 647 1946 in
692 1884 815 1947 caelum
856 1883 987 1946 levavit
1018 1882 1152 1947 victrici
1189 1883 1357 1966 martyrio

410 1989 606 2046 coronatas.
658 1981 787 2047 Laetati
819 1989 901 2045 sunt
933 1982 1093 2064 AEgyptii
1125 1981 1357 2059 vehementer,

410 2081 569 2145 fidelibus
597 2081 852 2145 subsannantes
880 2088 915 2144 et
938 2081 974 2143 in
996 2082 1216 2163 opprobrium
1238 2101 1357 2145 eorum

410 2181 563 2244 buccinis
588 2186 856 2261 perstrepentes,
878 2186 952 2243 ete
977 2180 1150 2244 contrario
1173 2199 1301 2244 moeror
1322 2187 1359 2244 et

411 2278 525 2342 luctus
557 2276 774 2340 Christianos
803 2277 942 2341 invasit.
994 2278 1094 2342 Tunc
1126 2278 1289 2343 Frisones
1322 2286 1358 2343 et

412 2375 609 2450 Teutonici,
625 2395 770 2457 quorum
795 2376 867 2440 dux
890 2376 956 2441 fuit
975 2396 1090 2441 comes
1108 2375 1293 2460 Adulphns
1315 2377 1359 2441 de

414 2474 550 2550 Monte,
576 2473 630 2536 vir
654 2474 778 2538 nobilis
807 2483 842 2539 et
872 2481 1009 2557 potens,
1038 2495 1161 2540 navem
1187 2476 1359 2558 quandam

415 2591 494 2635 cum
526 2573 795 2653 propugnaculis
820 2575 1019 2640 munierunt
1044 2582 1080 2639 et
1103 2576 1139 2638 in
1162 2576 1361 2639 summitate

414 2670 498 2733 mali
512 2671 694 2735 castellulo
712 2673 882 2737 ordinato.
929 2672 1015 2756 Ipsa
1028 2693 1110 2738 vero
1133 2676 1233 2738 navis
1249 2693 1271 2738 a
1287 2674 1360 2738 bel·

414 2768 582 2833 latoribus
606 2771 770 2849 civitatis,
792 2773 898 2836 turris
919 2780 955 2836 et
977 2774 1105 2854 pontis,
1127 2774 1208 2856 igne
1235 2772 1361 2838 Graeco

414 2870 644 2951 impetebatur
679 2878 715 2934 et
749 2871 874 2955 jaculis
908 2870 1140 2948 vehementer,
1171 2891 1250 2955 quae
1281 2879 1361 2935 tan·

415 2969 492 3030 dem
518 2968 600 3048 igne
624 2976 796 3051 correpta,
820 2989 898 3033 cnm
923 2971 1084 3035 timerent
1108 2971 1296 3036 Christiani
1319 2989 1362 3034 ne

415 3067 554 3148 penitus
571 3073 843 3144 consumeretur,
865 3068 1064 3134 defensores
1086 3069 1162 3152 ejus
1176 3071 1290 3152 ignem
1308 3070 1360 3133 vi·

416 3163 526 3227 riliter
550 3163 802 3242 exstinxerunt,
825 3185 866 3231 ac
888 3169 1050 3252 deinceps
1070 3170 1197 3233 damna
1214 3168 1364 3251 plurima

416 3281 478 3344 per
504 3261 714 3341 balistarios,
731 3265 791 3346 qui
814 3266 908 3330 intus
931 3277 1042 3344 erant,
1068 3267 1250 3333 Saracenis
1272 3267 1363 3331 sece-

416 3368 521 3439 runt3
548 3361 608 3425 sed
632 3370 667 3426 et
687 3364 766 3427 aliae
789 3364 939 3430 fidelium
961 3386 1068 3432 naves
1094 3366 1364 3450 propugnaculis

416 3459 569 3536 munitae,
600 3460 704 3544 hujus
731 3464 884 3528 assultus
910 3473 1064 3549 tempore
1096 3486 1174 3548 quae
1203 3464 1364 3530 anchoris

418 3559 503 3621 turri
527 3557 749 3626 adhaerebant
774 3563 867 3641 fixae,
896 3565 1006 3628 multa
1041 3567 1279 3630 sustinuerunt
1309 3584 1364 3628 re·

416 3677 491 3719 rum
509 3664 544 3722 et
559 3658 734 3723 hominum
752 3662 971 3728 detrimenta.

440 3831 489 3895 De
506 3832 645 3916 captione
662 3834 761 3898 turris
774 3835 933 3920 predicta
947 3846 976 3899 et
991 3837 1075 3900 mira
1094 3836 1343 3901 Christianorum

802 3934 970 4018 probitate.

287 4087 372 4117 ‚over
466 4051 634 4130 Tandem,
653 4055 803 4120 Domino
825 4059 1084 4124 demonstrante
1107 4066 1142 4122 ct
1157 4055 1366 4120 architecto-

261 4137 325 4166 ¹⁶¹¹'
416 4149 523 4226 ribus,
547 4172 588 4215 oo
611 4155 774 4231 donante,
797 4160 1071 4238 providentibus
1095 4157 1364 4222 Teutonicornm
