2978 4996
392 417 530 466 enonas
554 418 825 468 nrsroarnnuu.
1014 408 1078 471 151

126 572 277 654 crapulis
293 573 428 636 exstitit
445 573 589 637 alienus.
616 575 666 638 Ut
683 584 798 639 autem
813 577 867 640 vir
883 577 950 641 Dei
965 579 1075 643 Fran·
1089 597 1144 637 ao.
1157 600 1212 639 na.

126 673 237 735 ciscus
261 672 325 735 hoc
345 672 483 736 salubre
509 673 724 756 propositum
750 675 794 737 ad
818 677 975 740 effectum
997 699 1075 759 per-

127 770 279 845 duceret,
311 772 475 834 articulos
501 772 575 854 jam
608 773 731 848 dictos,
763 794 841 836 cum
868 776 1073 856 quibusdam

126 871 214 945 aliis,
238 890 316 950 quae
339 890 360 932 a
386 870 550 933 fratribus
577 870 670 934 illius
698 872 876 953 religionis
899 893 1009 956 usque
1037 878 1072 938 in

126 968 326 1031 hodiernum
368 967 457 1031 diem
494 970 729 1033 strenuissime
765 972 1005 1049 observantur,
1038 975 1072 1037 in

124 1067 289 1129 schedula
306 1069 520 1148 conscriptos
537 1068 671 1130 sedenti
688 1069 723 1131 in
738 1072 942 1134 consistorio
959 1071 1073 1136 Roma

125 1185 225 1248 papae
257 1165 463 1228 Innocentio
494 1166 719 1247 praesentavit
745 1175 780 1231 et
802 1188 899 1232 suam
932 1171 1073 1252 petitio·

125 1284 202 1326 nem
225 1264 420 1327 confirmari
442 1283 464 1326 a
486 1264 566 1327 sede
588 1266 780 1346 apostolica
802 1268 1006 1348 postulavit.

182 1437 335 1510 Quomodo
350 1438 493 1501 dominus
500 1459 593 1521 popo
608 1438 747 1503 ordinem
755 1441 943 1525 predictum
950 1463 1011 1527 por

385 1536 588 1622 priuilopium
602 1539 805 1620 confirmavit.

175 1660 275 1740 Papa
295 1660 414 1742 itaque
437 1658 471 1721 iu
494 1659 600 1723 fratre
622 1669 812 1724 memorato
834 1661 988 1727 habitum
1012 1664 1071 1727 de·
1084 1681 1232 1720 uhoordoror

124 1758 279 1835 formem,
295 1758 429 1821 vultum
448 1757 703 1841 despicabilem,
725 1761 868 1823 barbam
889 1762 1071 1842 prolixam,
1084 1731 1235 1828 diffido

125 1858 268 1939 capillos
300 1857 461 1933 incultos,
492 1857 676 1938 supercilia
698 1858 883 1938 pendentia
911 1867 946 1922 et
972 1863 1072 1942 nigra
1084 1830 1121 1868 ⁰¹⁸
1129 1840 1190 1879 ψ’

125 1955 309 2037 diligenter
332 1956 565 2032 considerans,
588 1975 665 2018 cum
682 1957 883 2036 petitionem
906 1958 981 2039 ejus
1000 1968 1071 2022 tam

126 2056 266 2118 arduam
288 2062 323 2118 et
341 2056 563 2118 exsecutione
591 2055 837 2135 impossibilem
860 2055 999 2119 recitari
1021 2058 1072 2120 fe·

125 2154 240 2231 cisset,
269 2154 428 2235 despexit
450 2174 528 2217 eum
553 2160 589 2216 et
608 2153 708 2230 dixit,
732 2152 872 2230 ‘Vada
895 2153 1013 2231 frater,
1037 2165 1072 2220 et

124 2272 240 2334 quaere
263 2271 398 2334 porcos,
421 2253 545 2333 quibus
569 2252 685 2333 potius
709 2252 813 2315 debes
835 2272 938 2335 quam
961 2254 1071 2318 homi-

125 2353 226 2415 nibus
247 2352 453 2433 comparari,
476 2358 511 2413 et
533 2351 672 2415 involve
687 2358 723 2414 te
742 2371 821 2414 cum
845 2353 895 2416 eis
917 2354 953 2415 in
974 2354 1073 2417 volo·

124 2452 236 2528 tabro,
251 2457 286 2513 et
304 2450 460 2531 regulam
476 2449 544 2511 illis
562 2468 584 2512 a
599 2456 634 2512 te
651 2458 917 2515 commentatam
933 2453 1072 2517 tradens

124 2548 271 2612 officium
295 2556 364 2612 tuae
387 2548 642 2630 praedicationis
664 2548 835 2629 impende.
885 2550 987 2626 Quod
1011 2571 1073 2614 au-

125 2648 222 2711 diens
245 2648 451 2710 Franciscus
472 2647 638 2710 inclinato
662 2647 776 2728 capite
794 2647 915 2723 exivit,
930 2656 977 2723 et,
993 2668 1071 2730 por·

125 2748 174 2811 cis
197 2746 336 2809 taudem
361 2747 523 2822 inventis,
547 2746 582 2807 in
607 2745 681 2808 luto
707 2763 745 2807 se
771 2763 848 2807 cum
872 2745 920 2807 eis
939 2746 1071 2808 tamdiu

124 2844 283 2921 involvit,
305 2863 484 2926 quousque
504 2863 525 2906 a
547 2843 668 2924 planta
689 2842 787 2924 pedis
805 2861 915 2923 usque
933 2844 976 2906 ad
992 2864 1071 2907 vor·

124 2946 225 3009 ticem
250 2963 375 3024 corpus
403 2962 502 3007 suum
521 2950 632 3006 totum
654 2961 732 3004 cum
757 2942 833 3023 ipso
853 2941 974 3005 habitu
996 2943 1071 3024 pol-

123 3045 268 3121 luisset;
300 3043 418 3122 sicque
441 3043 485 3104 ad
508 3042 749 3105 consistorium
772 3048 947 3104 revertens
969 3061 1070 3123 papae

123 3161 160 3205 se
187 3142 428 3223 conspectibus
462 3141 688 3221 praesentavit
712 3139 842 3217 dicens,
870 3140 1070 3216 ‘Domine’

124 3241 246 3324 iuquit,
265 3240 354 3303 ‘feci
368 3238 459 3302 sicut
476 3238 691 3321 praecepisti3
710 3239 836 3301 exaudi
854 3258 957 3314 nunc,
972 3240 1071 3302 obse·

124 3359 196 3416 cro,
214 3340 415 3421 petitionem
432 3337 565 3401 meam!
617 3336 719 3415 Quod
738 3337 866 3401 factum
883 3358 961 3401 cum
978 3358 1070 3420 papa

124 3438 299 3502 admirans
337 3438 587 3517 conspexisset,
621 3437 848 3499 contristatus
884 3446 938 3498 est
968 3437 1070 3501 valde

124 3538 216 3621 quod
244 3537 342 3600 illum
373 3536 601 3617 despexisset,
633 3540 738 3616 atque
771 3536 806 3596 in
840 3554 878 3595 se
910 3553 1070 3597 reversus

123 3637 289 3719 praecepit
313 3642 353 3698 ut
375 3634 467 3697 lotus
491 3634 618 3697 rediret
635 3633 678 3696 ad
702 3652 799 3709 eum3
823 3650 892 3712 quo
914 3631 1071 3693 celeriter

124 3754 147 3798 a
175 3733 334 3797 sordibus
368 3733 546 3807 mundato,
580 3750 738 3795 reversus
771 3737 825 3792 est
856 3729 1069 3792 festinanter.

124 3832 325 3896 Commotus
350 3833 467 3912 itaque
485 3850 576 3913 papa
598 3849 760 3912 supereo
778 3827 978 3910 petitionem
994 3827 1069 3909 ejus

122 3931 273 4008 admisit,
305 3938 340 3993 et
370 3949 433 4011 per
462 3930 681 4012 privilegium
716 3927 884 3990 Romanae
917 3925 1070 3989 ecclesiae

122 4030 271 4094 officium
299 4028 554 4111 praedicationis
583 4027 684 4091 simul
712 4045 789 4090 oum
817 4025 937 4088 ordine
962 4027 1071 4107 petito

122 4132 154 4193 ei
170 4129 379 4192 confirmans
396 4147 472 4191 cum
496 4127 734 4193 benedictione
750 4125 890 4188 dimisit.
936 4125 1070 4189 Deinde
