2978 4996
370 440 436 507 282
634 457 769 504 nocam
793 457 840 503 na
862 454 1070 504 wunnovan

231 639 266 677 o.
278 640 333 678 na
373 615 466 677 tione
483 612 659 691 conclusi;
690 613 782 677 unde
804 613 905 694 pauci
931 632 977 676 ex
999 613 1174 688 omnibus,
1196 612 1257 693 qui
1283 612 1325 675 de

231 688 346 778 ’Ἢιιι
372 713 516 776 castello
531 713 701 788 exierant,
721 710 909 775 incolumes
926 719 1008 775 sunt
1022 711 1164 776 reversi.
1217 709 1324 792 Capti

374 820 455 875 sunt
479 819 595 875 autem
613 811 649 873 in
671 818 770 891 parte
791 809 990 874 Marescalli
1011 809 1164 873 Thomas
1184 808 1324 887 Sinam,

369 910 509 992 juvenis
534 910 570 973 in
598 909 722 972 militia
743 908 944 990 praeclarus,
966 927 1044 971 cum
1063 907 1199 972 duobus
1221 908 1325 972 sociis

373 1008 551 1084 militibus,
566 1008 625 1089 qui
640 1006 797 1091 perducti
813 1014 896 1070 sunt
910 1006 953 1070 ad
975 1007 1156 1070 castellum
1178 1007 1323 1088 captivi.

375 1107 430 1169 Ex
454 1106 652 1171 castellanis
685 1113 801 1169 autem
826 1106 920 1186 capti
948 1113 1031 1169 sunt
1060 1105 1188 1169 milites
1219 1106 1322 1187 quin·

374 1206 483 1268 decim
509 1213 545 1267 et
575 1205 713 1286 plurimi
742 1203 944 1281 servientes,
971 1223 1059 1285 quos
1091 1203 1323 1268 Marescallus

375 1304 409 1366 in
426 1303 572 1368 vinculis
588 1322 666 1366 cum
681 1303 779 1385 equis
796 1310 832 1366 et
848 1304 953 1366 armis
975 1322 1016 1366 ac
1038 1303 1212 1366 manubiis
1233 1304 1323 1366 mul-

375 1401 420 1464 tis
444 1401 601 1464 abduxit.
647 1400 691 1463 In
711 1400 789 1465 loco
808 1400 945 1482 quidem
968 1402 1165 1465 certaminis
1187 1421 1322 1465 reman-

374 1500 421 1562 sit
436 1500 627 1562 occisorum
650 1499 848 1576 multitudo,
871 1507 942 1563 tam
964 1500 1193 1564 Wallensium
1216 1520 1323 1582 quam

375 1596 634 1660 Pictavensium
656 1603 691 1660 et
708 1599 1014 1662 transmarinarum
1044 1599 1245 1677 nationum
1269 1606 1323 1663 at·

374 1714 441 1777 que
456 1695 678 1759 Baldewinus
698 1696 742 1760 de
759 1694 897 1778 Gysnes
915 1695 959 1760 ad
978 1697 1159 1760 castellum
1180 1716 1203 1760 a
1218 1699 1322 1762 sociis

373 1794 573 1875 perducitur
588 1795 742 1875 graviter
758 1794 970 1858 vulneratus.
1022 1794 1114 1859 Acta
1133 1804 1188 1859 est
1204 1805 1321 1860 autem

374 1892 448 1957 haec
478 1893 560 1958 belli
591 1893 790 1975 congressio
820 1887 868 1955 ¹in
897 1893 954 1956 die
982 1894 1093 1956 beate
1121 1892 1321 1959 Catharinae

374 1993 517 2072 virginis
533 1990 624 2074 apud
640 1991 819 2056 castellum
836 1999 1071 2055 memoratum.
1124 1991 1212 2056 Post
1227 1992 1320 2057 hune

373 2110 511 2174 quoque
526 2089 725 2155 conflictum
742 2109 856 2154 comes
872 2090 1113 2167 Marescallus‚
1126 2109 1205 2153 cnm
1224 2090 1321 2156 Gile·

373 2190 470 2252 berto
486 2190 611 2253 Basset
630 2197 666 2252 et
681 2188 857 2253 Richardo
874 2189 999 2253 Siuard
1019 2207 1061 2251 ac
1081 2188 1217 2252 caeteris
1232 2210 1320 2255 exu-

373 2287 453 2350 latis
479 2295 653 2350 eteorum
680 2286 936 2364 confoederatis,
955 2287 1233 2364 Pictavensibus,
1261 2290 1321 2372 qui

372 2393 471 2447 crant
493 2386 529 2448 in
557 2384 681 2448 castris
708 2386 800 2466 regis
830 2384 1034 2467 Anglorum,
1054 2385 1232 2450 lethiferas
1255 2407 1319 2470 po·

371 2490 514 2547 suerunt
540 2483 697 2560 insidias,
727 2484 779 2547 ita
804 2492 856 2563 ut,
888 2485 1159 2566 quotiescunque
1192 2486 1320 2568 aliquis

372 2603 490 2648 eorum
516 2582 559 2644 ad
588 2582 811 2664 praedandum
838 2585 961 2659 exivit,
986 2583 1070 2647 nihil
1097 2583 1192 2647 aliud
1215 2605 1320 2667 quam

372 2683 487 2763 capita
522 2681 738 2762 singulorum
771 2702 834 2765 pro
871 2682 1104 2764 redemptione
1132 2692 1320 2764 ceperunt3

372 2781 463 2844 unde
488 2780 635 2861 contigit
651 2781 686 2843 in
710 2781 819 2856 brevi,
839 2781 931 2862 quod
954 2790 1024 2845 tam
1049 2799 1235 2846 numerosa
1255 2802 1318 2847 ex·

372 2887 567 2943 traneorum
584 2879 769 2943 multitudo
790 2879 827 2942 in
850 2879 916 2942 viis
937 2886 972 2943 et
991 2878 1076 2943 locis
1101 2879 1248 2945 diversis
1267 2882 1320 2945 in·

371 2978 514 3041 tcrfeeta
537 2979 683 3060 jaceret,
703 2977 796 3060 quod
820 2996 933 3041 aerem
952 2986 1061 3041 totum
1084 2989 1318 3064 corrumperet

370 3095 531 3157 regionis

427 3247 477 3309 De
493 3245 681 3312 admirabili
689 3248 862 3332 prudentia
879 3257 907 3314 et
920 3249 982 3314 zelo
988 3250 1121 3335 just-itia
1135 3254 1255 3320 comnis

741 3347 937 3414 Maraccalli.

421 3464 491 3528 Per
508 3465 599 3530 idem
623 3476 770 3551 tempus,
792 3490 870 3534 cum
893 3490 1006 3534 comes
1029 3471 1260 3538 Marescallns
1283 3473 1319 3537 in

324 3539 511 3627 sannatia
540 3564 583 3630 de
615 3567 766 3649 Murgan
793 3576 1024 3651 pernoctaret,
1049 3572 1144 3635 venit
1168 3571 1212 3635 ad
1241 3592 1320 3636 eum

233 3637 266 3667 ⁸¹¹
305 3657 424 3726 die
440 3662 464 3726 J
467 3665 544 3727 ovis
561 3667 720 3747 proximo
740 3674 821 3731 anto
844 3667 973 3732 Natale
988 3668 1097 3734 frater
1112 3670 1254 3752 quidam
1275 3671 1319 3735 de

369 3761 488 3825 ordine
504 3763 694 3841 Minorum,
708 3764 880 3846 Agnellus
897 3767 1045 3845 nomine,
1062 3769 1122 3850 qui
1138 3768 1318 3834 familiaris

369 3867 443 3924 erat
460 3860 598 3927 domino
619 3864 693 3945 regi
716 3871 752 3927 et
767 3866 983 3930 consiliarius
1005 3867 1127 3949 ipsius,
1145 3875 1186 3931 ut
1202 3875 1318 3932 osten·

366 3959 462 4024 deret
477 3962 510 4025 ei
526 3982 605 4045 quae
623 3963 781 4028 audierat
796 3964 833 4027 in
849 3966 945 4030 curia
961 3966 1052 4048 regis
1069 3967 1112 4031 de
1126 3985 1168 4030 eo
1182 3968 1319 4051 abipso

470 4174 477 4207 ¹
490 4177 520 4226 ln
532 4176 573 4227 die
585 4177 660 4228 lente
675 4179 819 4230 Cullrrinoe
829 4180 958 4245 virginio]
974 4181 1034 4231 lilith
1047 4182 1199 4233 November.
