2978 4996
468 460 609 509 neonus
632 461 903 510 ursromsnuu.
1116 445 1158 508 11

208 617 305 680 simis
334 617 570 698 mancipavit3
605 616 648 679 ad
682 617 808 680 ostium
838 637 976 700 quoque
1004 618 1296 681 ecclesiam-1²¹⁷·

209 716 301 778 beati
327 714 455 779 Albani
481 716 689 779 servientem
719 715 890 797 quendam
918 716 961 779 de
985 718 1082 780 curia
1107 718 1158 779 in·

210 813 357 890 teriecit,
378 814 423 876 ad
450 814 630 877 ecclesiam
655 813 774 894 fugere
797 816 1013 897 cupientem
1040 824 1075 879 et
1095 816 1158 892 sic,

209 931 313 995 opero
346 912 477 976 nefario
507 931 529 975 a
554 913 721 975 ministris
748 912 876 978 diaboli
907 923 1158 992 consummato,

209 1011 328 1075 abbati
355 1011 532 1075 Willelme
561 1010 786 1093 significavit,
816 1021 854 1076 ut
877 1014 942 1075 sub
972 1014 1064 1075 omni
1092 1014 1160 1076 ses·

210 1111 379 1174 tinatione
419 1110 571 1173 mitteret
606 1111 637 1173 ei
679 1118 817 1174 centum
861 1111 967 1174 libras
1011 1113 1159 1192 argenti,

210 1209 363 1290 alioquin
402 1210 477 1291 ipse
511 1209 640 1292 injecto
671 1210 752 1290 igne
782 1210 900 1272 villam
934 1217 1044 1273 totam
1080 1230 1158 1273 cum

210 1309 286 1391 ipso
312 1309 523 1372 monasterie
553 1317 588 1372 et
613 1308 686 1370 suis
716 1308 869 1371 aedificiis
901 1308 993 1371 illico
1018 1328 1158 1372 concre-

211 1416 332 1471 maret.
378 1403 498 1470 Abbas
519 1426 601 1471 vero
618 1416 697 1489 post
713 1408 841 1470 multas
856 1406 1158 1484 contradictiones,

211 1505 304 1569 aliud
328 1525 398 1570 non
424 1505 555 1569 hahens
581 1505 779 1581 remedium,
800 1506 979 1587 pecuniam
1003 1506 1158 1588 postula·

211 1612 282 1667 tam
303 1605 484 1668 concessit.
537 1603 672 1682 Quibus
691 1604 742 1667 ita
764 1606 884 1685 gestis,
905 1604 1017 1667 dictus
1038 1605 1158 1668 Falco-

211 1704 283 1766 sius
316 1722 395 1766 cum
427 1703 499 1766 suis
527 1702 749 1785 praedonibus
778 1703 1097 1780 excommunicatis,
1123 1711 1159 1767 et

211 1802 330 1883 spoliis
357 1801 460 1864 nimis
486 1801 661 1864 damnosis
687 1802 902 1884 turpiterque
923 1803 1049 1865 vinctis
1077 1822 1159 1884 oap-

210 1900 293 1964 tivis
310 1907 345 1964 et
360 1899 530 1976 abductis,
549 1900 592 1963 ad
607 1899 786 1963 castellum
803 1900 846 1964 de
869 1900 1038 1963 Bedeford
1055 1902 1158 1965 citius

210 1999 430 2078 convolavit;
467 1998 590 2062 deinde
612 2018 689 2061 cum
713 2000 805 2062 omni
828 1999 1047 2063 multitudine
1070 2020 1159 2081 proe-

209 2099 302 2162 dicta
330 2099 375 2161 ad
402 2098 567 2161 forestam
590 2096 633 2160 de
655 2097 859 2179 Walbergia
885 2117 1074 2179 properans
1101 2118 1157 2162 co-

209 2198 261 2280 pit
291 2198 339 2260 ibi
372 2195 549 2277 Rogerum
582 2195 625 2259 de
657 2195 851 2274 Collevilla,
884 2205 919 2260 et
946 2195 1024 2278 plus
1052 2215 1156 2279 quam

209 2296 394 2376 sexaginta
411 2314 487 2357 cum
512 2314 553 2358 eo
573 2294 715 2358 clericos
738 2303 773 2359 et
789 2294 896 2359 laicos
915 2296 958 2359 de
978 2296 1157 2377 provincia

209 2395 281 2472 illa,
299 2395 358 2477 qui
373 2394 501 2476 praedae
518 2413 625 2457 causa
641 2387 782 2458 ¹ibidem
800 2395 968 2459 latebant.

208 2568 256 2630 De
272 2567 387 2653 traceio
408 2567 534 2629 statutis
555 2566 636 2629 ieter
649 2587 746 2650 recem
760 2566 885 2652 Aeol-ia
905 2575 933 2630 at
949 2566 1156 2631 Lodowieum.

261 2688 364 2752 Circa
391 2688 528 2752 eosdem
553 2690 627 2753 dies
655 2690 765 2755 nuntii
793 2691 980 2768 Ledowici,
1005 2693 1064 2774 qui
1093 2711 1156 2773 pro
1169 2700 1299 2790 must·

209 2806 250 2851 eo
272 2794 444 2851 steterunt
466 2789 502 2850 in
526 2789 622 2852 curia
647 2789 818 2866 Romana,
841 2790 951 2853 eidem
972 2790 1156 2853 Lodowico

210 2886 507 2966 significaverunt,
544 2887 648 2968 quod,
688 2888 754 2950 nisi
790 2889 902 2951 exiret
937 2890 980 2950 ab
1014 2886 1155 2968 Anglia,

208 2986 380 3049 sententia
407 2985 786 3063 excommunicationis,
809 3005 914 3069 quam
934 2985 1039 3050 Walo
1059 2985 1154 3066 lega-

210 3091 267 3147 tus
289 3084 327 3146 in
351 3102 429 3146 eum
452 3084 593 3160 tulerat,
614 3084 650 3147 in
673 3085 728 3148 die
751 3085 871 3150 Coenae
895 3085 1156 3149 confirmaretur

208 3201 230 3246 a
257 3201 360 3264 papa.
429 3181 509 3246 Hac
538 3184 657 3266 itaque
689 3184 732 3248 de
765 3203 872 3248 causa
902 3192 1044 3249 statutae
1075 3193 1156 3249 sunt

209 3274 358 3362 treugae²
389 3281 480 3345 inter
511 3282 732 3347 Lodowicum
760 3293 795 3348 et
819 3303 936 3366 regem
964 3284 1156 3348 Henricum

208 3400 317 3462 usque
350 3380 394 3443 ad
426 3400 577 3443 mensem
605 3381 648 3445 da
681 3382 828 3459 Pascha,
861 3384 912 3445 ita
944 3384 1088 3459 scilicet,
1117 3390 1157 3447 ut

208 3480 325 3543 omnia
347 3488 549 3543 remaneant
575 3481 611 3542 in
642 3500 683 3544 ao
716 3489 824 3559 statu,
856 3501 925 3564 quo
954 3481 1094 3546 suerunt
1120 3483 1156 3546 in

210 3579 264 3641 die
290 3597 360 3660 quo
386 3577 515 3661 juratae
541 3578 680 3644 suerunt
710 3588 854 3662 treugae,
880 3582 916 3643 in
946 3580 1097 3644 castellis
1121 3588 1157 3644 et

209 3676 311 3739 rebus
345 3676 435 3755 aliis,
473 3695 583 3758 usque
617 3679 661 3741 ad
697 3680 879 3743 terminum
917 3680 1156 3742 constitutum.

245 3847 355 3899 'Ibidem
366 3850 494 3914 dotabant]
515 3851 591 3900 Paris
607 3851 672 3900 adds
698 3854 839 3903 restitution
850 3853 879 3902 os
886 3852 956 3901 what
965 3851 998 3900 he
1015 3851 1065 3900 had
1082 3852 1157 3912 piun-

209 3925 304 3981 astery
316 3921 344 3969 oi
358 3936 375 3969 a
385 3921 475 3976 vision.
492 3921 527 3982 hy
537 3920 622 3969 which
639 3921 672 3970 he
697 3922 774 3972 dered
791 3922 854 3970 from
867 3922 909 3970 the
926 3921 1023 3982 ahhey3
1042 3922 1087 3969 but
1097 3920 1158 3981 this,

210 4004 264 4038 was
280 3990 369 4039 moved
387 3994 413 4038 to
430 4004 462 4051 go
479 3993 504 4038 to
522 3990 549 4039 S.
563 3991 671 4039 Aihnn's
697 4007 726 4041 os
737 3993 758 4041 it
768 4006 886 4053 appears,
897 4005 952 4041 was
963 4006 996 4040 no
1009 3989 1104 4052 partor
1117 3990 1158 4040 his

209 4060 259 4107 and
282 4060 331 4120 hog
354 4058 392 4107 for
414 4058 567 4120 ahsolution,
585 4058 670 4108 which
697 4063 826 4112 intention.

209 4144 264 4178 was
281 4128 387 4190 granted
403 4128 464 4189 him,
475 4144 506 4177 on
519 4129 560 4178 the
577 4144 671 4190 suppo·

210 4199 284 4247 sitien
297 4198 352 4246 that
363 4198 395 4247 he
407 4199 493 4247 worrld
511 4199 585 4247 make
603 4214 670 4248 some
731 4192 880 4258 'Trtugoe.]
902 4195 1005 4258 Rymer,
1016 4197 1033 4247 i.
1045 4211 1071 4258 p.
1085 4199 1142 4245 147.
