2978 4996
401 460 446 525 76
656 474 792 522 noorai
816 474 863 521 or
886 474 1093 523 wnunovna

240 651 361 740 witige.
403 642 502 697 nates
532 633 591 714 qui
618 633 711 696 intus
744 638 855 708 erant,
881 652 944 695 rex
968 631 1100 695 seilicet
1132 631 1354 698 Hierusalem

242 751 325 839 ¹3¹¹¹¹¹¹t
402 740 437 796 et
451 733 600 814 legatuS,
617 731 691 795 dux
708 731 897 808 Balvariee,
907 730 1090 812 Templum
1103 738 1138 794 et
1153 729 1350 815 Hospitale,

241 801 479 895 ioiiieihuoum
505 831 583 895 aliis
604 830 735 907 multiS,
765 831 816 895 ita
846 830 939 910 quod
969 831 1056 893 bene
1085 831 1225 894 fuerunt
1259 832 1353 896 mille

240 900 334 940 ΕΜ
403 930 528 993 milites
547 948 648 993 eruce
671 930 812 1011 signati,
831 937 866 993 et
883 928 943 992 alii
957 928 1092 1011 equites
1107 930 1259 1012 quinque
1276 931 1353 994 mil-

402 1029 461 1106 lia,
478 1049 555 1092 cum
572 1029 805 1110 quadraginta
818 1027 970 1090 millibus
986 1027 1153 1110 peditum,
1167 1029 1216 1092 hii
1233 1049 1352 1094 omues

402 1128 558 1192 iecerunt
585 1146 688 1191 unam
714 1127 946 1208 equitaturam
972 1145 1056 1207 erga
1082 1134 1207 1190 terram
1236 1128 1354 1212 Baby-

402 1227 504 1303 lonis,
533 1233 655 1291 eontra
685 1225 900 1290 voluntatem
932 1226 1024 1306 regis
1053 1224 1287 1304 Hierusalem,
1312 1236 1352 1291 nt

402 1325 540 1402 dicitur,
554 1333 589 1389 et
602 1326 669 1389 iter
685 1325 904 1406 arripuerunt
922 1324 966 1387 ad
981 1323 1106 1388 festum
1123 1327 1235 1389 saneti
1254 1326 1351 1390 Petri

403 1424 447 1487 ad
466 1424 627 1503 vincula;
654 1424 741 1487 etin
763 1423 825 1486 illa
847 1422 1046 1506 equitatura
1067 1442 1130 1506 per
1151 1430 1222 1487 tres
1245 1426 1352 1507 septi·

403 1541 525 1585 manas
542 1523 597 1587 vel
615 1523 694 1606 plus
717 1523 842 1585 morati
863 1521 1014 1599 fuerunt,
1041 1530 1077 1586 et
1092 1522 1163 1585 sere
1185 1523 1221 1585 in
1239 1523 1353 1588 media

404 1622 462 1684 via
476 1620 616 1685 fuerunt
631 1621 803 1685 Damietae
817 1629 853 1685 et
865 1621 1066 1703 Babylonis.
1112 1620 1212 1685 Tunc
1229 1622 1352 1686 Solda·

404 1739 469 1782 nus
497 1720 700 1803 Babyloniae
724 1728 759 1784 et
786 1720 980 1784 Coradinus
1009 1719 1115 1784 frater
1143 1720 1218 1804 ejus
1248 1741 1350 1786 vene·

404 1826 485 1882 runt
503 1839 581 1883 cum
604 1827 737 1903 quanto
762 1819 916 1883 exercitu
944 1819 1069 1882 habere
1091 1827 1290 1901 potuerunt,
1316 1829 1352 1885 et

404 1919 532 2000 saepius
565 1926 685 2000 gentes
715 1926 852 1983 nostras
878 1918 1188 2001 appropinquando
1216 1920 1353 1984 invase-

404 2026 486 2081 runt
506 2026 542 2082 et
563 2019 692 2101 saepius
716 2018 758 2082 de
784 2019 945 2100 gentihus
971 2019 1042 2081 suis
1065 2018 1275 2098 amiseruut;
1303 2026 1351 2097 et,

303 2111 304 2114 ’
403 2117 543 2198 quando
561 2125 683 2199 gentes
701 2123 829 2181 nostrae
847 2116 890 2180 ad
909 2117 1106 2180 Damietam
1128 2117 1239 2181 redire
1256 2119 1351 2181 volu-

403 2226 516 2294 erunt,
536 2217 662 2279 flumen
685 2217 840 2280 excrevit
862 2223 898 2279 et
918 2235 980 2298 per
1000 2215 1074 2279 dies
1099 2215 1264 2298 plurimos
1288 2237 1351 2281 ex-

403 2315 480 2391 ivit,
495 2323 530 2378 et
546 2321 668 2396 gentes
687 2322 816 2378 nostrae
838 2315 929 2378 inter
951 2315 1019 2378 duo
1042 2315 1183 2379 brachia
1199 2315 1350 2380 fluminis

402 2424 524 2492 eraut;
555 2421 590 2476 et
613 2412 767 2476 fecerunt
790 2413 953 2477 Saraceni
979 2414 1022 2477 de
1046 2433 1115 2478 nno
1136 2415 1278 2479 brachio
1305 2415 1349 2478 ad

403 2511 496 2574 aliud
511 2512 647 2576 foveam
668 2512 841 2595 quandam
864 2520 956 2577 retro
973 2514 1163 2576 exereitum
1180 2520 1349 2591 nostrum,

402 2609 598 2693 flumenque
628 2619 700 2676 tam
730 2631 893 2694 magnum
917 2613 1084 2690 excrevit,
1112 2613 1202 2695 quod
1229 2621 1352 2695 gentes

401 2719 529 2775 nostrae
559 2710 596 2774 in
622 2731 714 2793 aqua
739 2720 840 2776 erant
868 2729 978 2793 usque
1011 2712 1056 2774 ad
1088 2712 1282 2776 braccarios
1316 2721 1352 2777 et

401 2810 566 2875 cinctoria
591 2812 636 2874 ad
661 2830 822 2893 magnam
846 2809 1018 2873 miseriam
1041 2818 1076 2873 et
1098 2810 1263 2888 dolorem,
1286 2812 1350 2875 ita·

401 2928 468 2990 que
493 2911 621 2974 mortui
644 2918 680 2974 et
701 2911 794 2992 capti
820 2908 966 2973 fuissent
985 2909 1015 2971 si
1036 2909 1208 2974 Soldauus
1231 2910 1348 2993 Baby-

400 3008 502 3072 loniae
535 3008 712 3073 voluisset.
781 3009 939 3090 Treugas
972 3016 1194 3090 sumpserunt
1228 3017 1350 3091 gentes

401 3115 529 3171 nostrae
562 3125 671 3187 usque
706 3106 749 3169 ad
783 3114 862 3170 octo
893 3126 1003 3169 annos
1039 3126 1123 3187 erga
1161 3108 1349 3172 Soldanum

400 3205 462 3267 tali
488 3211 603 3286 pacto,
629 3204 721 3285 quod
753 3214 873 3286 gentes
895 3213 1023 3269 nostrae
1050 3206 1247 3270 Damietam
1272 3207 1350 3271 red-

400 3302 521 3366 der-eut
535 3311 571 3366 et
588 3322 707 3367 omnes
722 3303 879 3368 esclavos
897 3325 985 3387 quos
1003 3304 1167 3369 tenebant
1183 3306 1219 3368 in
1237 3307 1349 3388 capti·

400 3401 520 3466 vitate.
573 3401 722 3484 Propter
744 3403 832 3467 hanc
855 3405 1050 3486 pactionem
1077 3404 1260 3468 tenendam
1286 3426 1349 3469 rex

400 3500 634 3578 Hierusalem,
657 3510 692 3566 et
709 3503 859 3584 legatus,
886 3510 920 3567 et
940 3503 1014 3566 dux
1031 3503 1217 3580 Balvariae,
1235 3511 1271 3567 et
1287 3504 1348 3569 alii

398 3599 523 3664 divites
551 3601 587 3663 in
610 3601 770 3682 hostagia
790 3609 1048 3681 remanseruut3
1077 3602 1248 3666 Soldanus
1264 3622 1349 3668 vero

397 3719 460 3781 pro
477 3700 554 3783 jam
582 3700 674 3764 dicta
704 3701 863 3783 pactione
885 3720 929 3764 ex
952 3708 1051 3784 parte
1078 3720 1142 3764 sna
1166 3700 1291 3783 viginti
1311 3702 1348 3765 in

397 3798 558 3880 hostagio
589 3799 741 3863 tradidit.
800 3797 950 3877 Quando
979 3820 1062 3864 vero
1096 3800 1160 3862 hos
1193 3819 1348 3865 rumores

397 3898 604 3975 audivimus,
642 3917 805 3979 magnum
842 3899 994 3962 dolorem
1030 3898 1225 3976 habuimus,
1258 3900 1350 3964 sicut

396 4016 516 4060 omues
548 3997 737 4061 Christiani
767 3997 892 4061 habere
915 3998 1064 4077 debent3
1095 3998 1243 4080 ideoque
1265 4018 1347 4061 eon-

396 4096 509 4158 silium
532 4096 726 4174 habuimus,
748 4096 831 4178 quia
853 4098 897 4160 ad
923 4096 1130 4161 reddendam
1152 4097 1350 4162 Damietam

397 4212 472 4257 esse
505 4195 689 4272 noluimuS,
721 4203 760 4258 ut
789 4216 908 4260 versus
938 4196 1060 4261 Achon
1088 4197 1154 4261 iter
1179 4197 1349 4279 arripere·
