2978 4996
480 397 619 447 ruerus
643 397 911 449 nrsronrnnun.
1128 391 1172 454 97

218 570 355 615 omnem
379 552 512 618 castelli
535 562 676 635 possent
694 557 990 622 circumstantiam
1013 576 1308 642 perscru-A·1>·12²⁴·

219 651 310 728 tari3
342 669 405 714 nec
428 652 589 734 deinceps
612 662 687 717 erat
715 653 840 736 aliquis
868 657 902 719 in
928 659 1083 736 castello,
1110 663 1170 742 qui

218 748 262 812 ab
277 749 382 813 armis
398 750 521 826 exiret,
540 752 623 832 quin
647 754 804 833 protinus
818 755 1011 819 mortaliter
1026 758 1166 822 laedere·

218 854 287 911 tur.
334 847 411 912 Nec
427 848 554 912 idcirco
575 849 699 913 inclusi
715 859 931 932 prosternere
951 855 1167 920 adversarios

217 947 431 1024 omiserunt3
457 965 536 1010 nam
561 948 598 1009 in
620 948 855 1013 confusionem
882 952 1056 1032 propriam
1081 954 1167 1019 duos

216 1043 345 1107 milites
377 1044 420 1107 de
445 1046 600 1109 exercitu
625 1047 729 1127 regis,
755 1049 814 1128 qui
847 1068 884 1111 se
911 1050 1013 1113 nimis
1041 1061 1167 1116 temere

217 1143 320 1205 morti
336 1151 584 1223 exposuerunt,
602 1162 680 1206 cum
699 1147 815 1209 multis
833 1147 909 1209 aliis
936 1158 1166 1228 peremerunt,

216 1239 445 1322 undecunque
468 1241 503 1303 in
525 1260 563 1304 sc
577 1241 851 1307 adversariorum
868 1263 1010 1308 suorum
1034 1250 1166 1312 animos

216 1347 458 1421 provocantes.

249 1512 299 1576 De
312 1513 452 1597 eupliam
466 1514 563 1576 castri
571 1514 721 1598 predicti
737 1524 765 1577 et
778 1515 915 1579 militum
929 1517 1131 1600 suspensione.

268 1634 349 1699 Rex
381 1642 497 1700 autem
523 1637 660 1701 interim
690 1636 732 1699 de
766 1639 927 1703 maneriis
957 1638 1108 1704 Falcasii
1129 1647 1164 1705 et
1179 1653 1270 1692 Mors

216 1734 318 1798 terris
348 1735 474 1816 ubique
506 1754 567 1816 per
592 1733 755 1815 Angliam
785 1735 867 1799 fecit
895 1736 1011 1817 fruges
1046 1746 1082 1801 et
1109 1702 1326 1801 ιιι·-αιιῐιουιιωιι

216 1839 335 1895 menta
357 1851 434 1895 cum
466 1834 567 1896 rebus
599 1834 677 1896 aliis
708 1832 852 1896 distrahi
878 1840 912 1896 et
936 1834 1098 1911 infiscari,
1124 1844 1163 1900 ut

215 1929 295 1993 inde
317 1931 353 1994 iu
377 1930 554 1995 obsidione
578 1931 713 1994 diutina
734 1950 778 1994 ex
803 1931 879 2013 ejus
901 1930 1035 1994 damnis
1058 1932 1163 1996 habe·

215 2034 270 2091 ret
284 2029 461 2092 auxilium.
507 2028 675 2103 Tandem,
696 2049 772 2093 curn
789 2048 811 2091 a
827 2029 919 2110 regis
940 2030 1164 2094 bellatoribus

216 2126 294 2189 duee
307 2128 606 2210 testudines,quas
619 2127 754 2192 Gallice
768 2121 795 2162 ¹‘
807 2126 1031 2191 Brutesches'
1045 2129 1164 2209 appel·

217 2224 305 2301 lant,
327 2245 397 2289 non
420 2227 495 2289 sine
522 2225 708 2290 multorum
731 2225 872 2289 laesione
898 2226 1052 2290 subactae
1080 2225 1164 2289 fuis-

216 2331 305 2399 sent,
328 2324 531 2387 invaserunt
548 2323 727 2387 castellum
745 2323 895 2405 undique
917 2332 1166 2407 consequenter

216 2422 450 2503 inclusosque,
466 2421 594 2486 vellent
607 2422 748 2495 nollent,
766 2421 900 2503 ingredi
915 2422 1163 2504 compulerunt.

217 2518 269 2584 At
286 2518 420 2601 regales
440 2520 620 2583 castellum
642 2519 800 2600 ingressi,
822 2539 942 2601 equos,
960 2539 1068 2596 arma,
1086 2540 1164 2586 cum

215 2617 423 2682 victualibus
449 2617 568 2681 multis
593 2625 629 2680 et
652 2618 838 2681 innumeris
867 2618 969 2681 rebus
999 2619 1088 2694 aliis,
1111 2619 1164 2681 lu·

216 2716 317 2792 crati,
339 2716 466 2780 hilares
490 2723 730 2793 revertuntur;
753 2714 874 2777 deinde
895 2715 1016 2777 turrim
1039 2734 1163 2795 aggre-

216 2814 350 2878 dientes
372 2815 458 2895 regii
477 2815 625 2878 victores
650 2831 812 2893 magnam
834 2830 1008 2875 murorum
1030 2819 1162 2893 partem

215 2912 464 2977 contriverunt.
521 2911 568 2975 Et
593 2911 646 2978 his
677 2913 728 2974 ita
758 2910 878 2991 gestis,
905 2928 982 2973 cum
1009 2909 1164 2974 viderent

216 3009 343 3074 inclusi
368 3029 406 3073 se
426 3009 555 3074 diutius
578 3011 737 3073 resistere
760 3028 829 3072 non
854 3026 966 3089 posse,
988 3008 1024 3070 in
1044 3007 1164 3089 vigilia

216 3109 463 3190 assumptionis
490 3109 602 3173 beatae
631 3107 756 3171 Mariae
783 3107 825 3169 de
854 3106 996 3170 castello
1022 3106 1162 3188 quidam

216 3227 263 3271 ex
294 3207 345 3270 eis
376 3215 542 3273 exeuntes
575 3204 842 3270 misericordiam
873 3205 965 3286 regis
999 3205 1162 3286 implora·

214 3306 313 3381 hant,
341 3324 429 3386 quos
463 3324 526 3368 rex
555 3324 673 3368 omnes
701 3303 848 3367 vinculis
872 3303 980 3387 jussit
1008 3303 1162 3367 arctissi-

214 3404 281 3467 mis
307 3403 498 3484 constringi
520 3403 629 3467 donec
653 3402 809 3466 residuos
834 3401 1066 3483 subjugasset.
1120 3401 1162 3464 In

215 3501 368 3566 crastino
393 3511 522 3577 autem,
548 3520 625 3566 cum
651 3519 771 3564 omnes
794 3499 965 3563 vulnerati
991 3506 1027 3581 et
1050 3500 1163 3581 plagis

212 3598 381 3665 lethiferis
404 3598 522 3663 afflicti
548 3600 716 3662 exiissent
737 3606 773 3662 et
794 3597 838 3661 ad
865 3597 1085 3679 praesentiam
1108 3615 1162 3658 re·

213 3699 270 3780 gis
289 3697 430 3762 adducti
450 3698 608 3774 fuissent,
626 3696 756 3760 addicti
774 3702 855 3758 sunt
875 3694 919 3758 ad
939 3692 1162 3774 suspendium

211 3797 384 3874 univcrsi3
413 3796 572 3878 suspensi
600 3804 682 3859 sunt
709 3795 829 3875 itaque
855 3793 946 3855 inter
975 3791 1102 3854 mihtes
1127 3799 1163 3855 et

209 3894 415 3971 servientes,
443 3895 504 3976 qui
531 3901 673 3978 propter
700 3891 896 3974 superbiam
925 3907 1036 3965 suam,
1060 3907 1163 3971 quam

246 4069 255 4101 ¹
252 4071 432 4191 ἔψαυσα]
449 4073 497 4123 See
511 4073 556 4122 Du
570 4068 681 4134 Gange's
695 4070 830 4132 Glossary,
844 4069 924 4118 under
938 4067 980 4117 the
995 4067 1066 4118 word
1081 4067 1089 4097 ‘
1103 4067 1165 4117 Bra·

207 4148 252 4193 tae
281 4157 314 4191 a.

261 4232 344 4279 VOlr·
362 4232 411 4280 lv.
988 4227 1013 4274 ll
