2872 4994
320 459 386 526 sla
576 475 710 523 aoonru
735 475 782 522 nn
807 474 1015 523 wunnovnn

163 657 218 696 nn.
230 658 286 696 nn.
323 636 489 702 ministris
503 637 575 699 suis
591 655 632 699 ac
653 636 861 717 praepositis,
876 644 915 699 ut
930 634 1108 699 traderent
1122 636 1273 701 frumen·

163 708 255 758 Legend.

163 3834 254 3883 Legend.

323 745 395 800 tum
412 744 511 799 vetus
530 736 668 799 rusticis
692 735 735 797 de
754 736 915 798 maneriis
940 735 1023 811 suiS,
1047 736 1107 816 qni
1134 755 1200 817 pro
1218 757 1273 801 ve-

323 836 388 899 teri
404 855 531 899 novum
545 835 611 898 sibi
625 833 805 898 redderent
820 843 899 917 post
916 843 1131 898 autumnum.
1184 835 1276 899 Con-

324 935 404 1016 tigit
419 954 501 1015 ergo
521 954 597 997 eum
621 934 827 1014 praepositus
846 932 1000 1016 ejusdem
1024 933 1274 1017 archiepiscopi

323 1035 358 1096 in
373 1034 457 1097 villa
473 1033 514 1097 de
538 1033 656 1114 Ripun
676 1031 815 1095 bladum
834 1033 1006 1108 circuiret,
1026 1041 1127 1095 extra
1151 1032 1276 1097 horrea

323 1133 473 1213 positum
498 1133 582 1195 illud
612 1133 801 1206 trituraret,
828 1139 1064 1212 apparuerunt
1092 1132 1222 1213 ubique
1239 1134 1276 1195 in

322 1231 439 1312 garbis
452 1232 568 1313 capita
586 1230 766 1302 vermium,
784 1230 993 1311 serpentium
1012 1229 1157 1306 scilicet,
1180 1232 1273 1294 coln·

322 1331 473 1404 brorum,
482 1337 518 1393 et
527 1329 692 1392 bufonum
703 1329 922 1406 terribilium3
941 1329 1031 1391 uude
1044 1329 1206 1406 ministri,
1217 1332 1276 1412 qui

322 1448 399 1492 cunr
417 1429 604 1509 praeposito
623 1427 666 1489 ad
690 1427 754 1490 boc
776 1427 1010 1508 spectaculum
1028 1438 1275 1506 couvenerant,

323 1527 495 1606 fugientes
520 1528 708 1589 timuerunt
734 1545 778 1588 ne
806 1546 827 1588 a
853 1527 1026 1590 vermibus
1051 1525 1274 1591 laederentur.

324 1624 480 1706 Cumque
507 1624 718 1688 haecomnia
744 1624 1001 1707 archiepiscopo
1031 1625 1170 1689 fueraut
1192 1627 1274 1691 inti-

322 1731 428 1799 mata,
452 1724 545 1787 misit
564 1723 772 1787 senescalles
797 1743 878 1787 suos
910 1724 1015 1787 nimio
1036 1725 1163 1787 rubore
1192 1744 1274 1789 con·

324 1823 432 1900 fusus,
446 1835 486 1887 ut
496 1824 669 1899 viderent,
687 1822 767 1904 quid
785 1822 898 1885 facere
912 1842 999 1903 opus
1016 1830 1120 1885 esset.
1155 1820 1207 1888 At
1224 1824 1274 1887 illi

323 1923 500 1987 venientes
514 1923 558 1986 ad
573 1922 697 1996 locum,
709 1941 778 1984 nou
796 1923 957 1985 obstante
975 1922 1141 1985 vermium
1156 1923 1274 1986 multi·

324 2023 455 2099 tudine,
472 2021 586 2085 scalas
601 2022 864 2104 applicaverunt
878 2020 921 2082 ad
944 2020 1096 2095 bladum,
1118 2029 1154 2084 et
1171 2021 1274 2084 rusti-

324 2142 383 2185 cos
399 2121 564 2202 quosdam
579 2120 829 2202 compulerunt,
846 2127 886 2182 ut
901 2119 1128 2183 ascenderent
1146 2127 1183 2183 et
1203 2120 1273 2183 fru-

324 2229 476 2284 mentum
503 2219 731 2300 detegerent;
766 2219 826 2300 qui
855 2237 932 2281 curn
964 2219 1009 2281 ad
1037 2219 1272 2284 summitatem

325 2318 573 2399 pervenissent,
598 2318 709 2380 exivit
732 2316 775 2380 de
801 2317 902 2380 blado
928 2317 1043 2380 fumus
1067 2318 1275 2398 nigerrimus

327 2424 361 2480 et
384 2417 487 2478 ioetor
506 2416 644 2498 quidam
666 2415 844 2479 infernalis
865 2425 900 2480 ct
922 2416 1161 2492 intolerabilis,
1182 2417 1273 2480 unde

326 2534 402 2578 cum
418 2514 638 2578 festinatione
653 2514 912 2590 descendentes,
930 2523 968 2579 ut
979 2515 1167 2595 periculum
1183 2535 1275 2579 mor·

327 2616 372 2677 tis
394 2614 592 2690 evaderent,
615 2614 790 2677 testificati
812 2621 894 2677 sunt
913 2633 950 2677 se
973 2633 1149 2694 nunqnam
1164 2601 1276 2679 'antea

327 2715 431 2777 talem
453 2714 602 2776 sensisse
624 2713 803 2790 foetorem3
831 2732 949 2775 vocem
970 2714 1073 2776 etiam
1091 2713 1275 2777 audierunt

327 2815 392 2877 sibi
410 2814 591 2888 dicentem,
615 2831 656 2873 ne
678 2812 722 2875 ad
744 2812 884 2874 bladum
906 2831 1028 2874 manus
1050 2822 1276 2893 apponerent,

328 2915 410 2995 quia
434 2912 714 2992 archiepiscopus
736 2919 771 2974 et
789 2910 904 2973 omnia
926 2929 1004 2991 quae
1027 2911 1176 2973 babebat
1199 2911 1275 2974 dia·

327 3013 397 3075 boli
421 3012 592 3093 possessio
615 3018 701 3073 erat.
758 3009 890 3073 Videns
913 3017 1026 3072 autem
1051 3009 1276 3086 senescallus,

327 3121 362 3175 et
391 3112 449 3173 alii
478 3111 638 3192 quicum
667 3108 726 3171 illo
754 3115 865 3182 erant,
889 3127 933 3170 ex
961 3110 1129 3170 vermium
1157 3109 1276 3174 multi·

327 3210 444 3274 tudine
467 3229 574 3289 grave
601 3207 789 3289 periculum
813 3207 1001 3282 imminere,
1025 3208 1178 3271 lecerunt
1200 3228 1277 3270 mu-

327 3328 400 3369 rum
426 3308 534 3370 altum
557 3310 592 3369 in
619 3307 763 3370 circuitu
793 3305 886 3368 bladi
911 3304 1070 3369 diabolici
1096 3312 1132 3368 et
1158 3307 1275 3386 ignem

326 3406 527 3469 adhibentes
559 3408 594 3469 in
622 3425 745 3488 gyrum
777 3405 893 3467 omnia
925 3406 1199 3483 combusserunt,
1233 3426 1277 3470 ne

326 3526 458 3569 vermes
474 3513 641 3569 exeuntes
656 3513 764 3568 totam
780 3504 957 3567 inficerent
972 3505 1158 3585 regionem.

368 3681 447 3743 Item
464 3677 650 3742 miraculum
665 3677 701 3741 de
716 3677 858 3742 avaritie
877 3676 1038 3760 cujusdem
1049 3674 1233 3761 presbyteri.

376 3803 461 3866 Erat
478 3804 513 3865 in
536 3803 653 3865 eadem
679 3801 888 3864 Eboracensi
911 3801 1089 3882 provincia
1113 3801 1276 3866 sacerdos

325 3903 464 3983 quidam
489 3910 524 3965 et
541 3902 690 3964 vicarius
708 3900 804 3964 dives
823 3899 924 3963 valde
946 3901 1029 3962 etin
1053 3897 1163 3962 officio
1186 3920 1276 3982 prae-

324 4002 506 4065 dicationis
524 4009 653 4064 sanctae
672 4019 831 4081 magnus,
849 3999 909 4062 sed
926 4008 1042 4062 tamen
1061 4017 1200 4075 avarus,
1214 4002 1276 4082 qui

323 4102 358 4162 in
381 4102 445 4162 hac
468 4108 590 4163 aestate
615 4100 807 4163 mortaliter
826 4100 1065 4162 infirmabatur
1085 4098 1275 4162 secundum

317 4198 485 4279 judicium
504 4201 724 4280 praesentium
741 4199 961 4262 medicorum.
1015 4197 1196 4261 Venerunt
1212 4217 1276 4263 au·
