2978 4996
367 451 433 515 242
624 464 757 511 noenu}
784 464 829 510 nn
853 463 1062 511 weunovna

419 694 468 758 De
483 695 679 779 inquisitione
685 695 782 778 forto
796 715 889 778 sapor
904 692 1105 756 distractione
1114 691 1268 776 prefato.

207 839 264 880 nm.
277 839 331 898 nra
416 819 526 882 Facta
537 820 643 900 igitur
660 817 882 899 inquisitione
891 816 934 880 de
946 816 1111 880 violentia
1121 821 1322 890 memorata,

209 889 298 978 {lilii
307 899 338 984 ii
372 928 443 982 tam
464 939 485 980 a
510 939 590 1000 rege
612 937 715 1000 quam
740 918 784 979 ab
810 917 982 998 episcopis
1004 924 1040 979 et
1063 915 1323 979 exsecutoribus

208 986 355 1088 iiiiii&
373 1018 560 1101 praedictis,
576 1026 611 1080 et
628 1023 846 1080 sacramento
862 1015 1035 1079 mediante
1052 1034 1129 1078 cum
1145 1015 1323 1077 examina·

373 1119 524 1182 tionibus
542 1125 577 1180 et
594 1117 739 1181 testibus
760 1115 951 1197 productis,
970 1115 1101 1177 inventi
1121 1122 1204 1178 sunt
1225 1113 1322 1176 multi

374 1224 659 1298 transgressores,
679 1215 819 1296 quidam
839 1214 882 1276 de
899 1213 1004 1290 l'acto,
1025 1213 1165 1295 quidam
1185 1213 1229 1275 de
1248 1232 1327 1276 con·

374 1336 489 1392 sensu,
513 1335 659 1397 quorum
682 1313 838 1377 nonnulli
861 1313 1014 1394 episcopi
1037 1320 1136 1375 erant
1158 1319 1195 1375 et
1213 1312 1325 1375 cleriei

375 1417 479 1496 regis,
500 1434 578 1477 curn
599 1413 804 1495 quibusdam
827 1411 1078 1475 archidiaconis
1104 1429 1146 1475 ac
1172 1411 1325 1486 decanis,

375 1515 541 1577 militibus
563 1514 667 1575 etiam
695 1520 729 1575 et
752 1512 850 1576 laicis
878 1511 1008 1575 multis
1070 1509 1222 1588 Quidam
1247 1531 1326 1574 vero

376 1612 593 1676 vicecomites
619 1619 797 1675 eteorum
829 1611 1006 1693 praepositi
1034 1617 1068 1673 et
1090 1609 1238 1673 ministri
1265 1629 1327 1691 pro

376 1711 494 1774 eodem
509 1730 667 1786 excessu,
684 1731 765 1792 rege
775 1711 932 1794 jubente,
949 1711 1043 1793 capti
1060 1716 1142 1773 sunt
1162 1718 1198 1773 et
1214 1710 1327 1772 incar-

375 1811 495 1887 cerati,
518 1817 553 1874 et
573 1811 632 1874 alii
657 1831 728 1893 prae
751 1811 872 1873 timore
893 1810 959 1872 sibi
984 1809 1180 1891 perfugam
1206 1828 1327 1872 consu-

376 1910 486 1974 lentes
500 1930 521 1973 e
537 1912 771 1993 quaerentibus
788 1929 855 1973 non
875 1909 1013 1972 fuerunt
1027 1909 1172 1971 inventi.
1227 1907 1328 1971 Prin-

376 2011 498 2092 cipalis
516 2019 631 2073 autem
647 2009 777 2073 domini
794 2009 885 2090 regis
901 2008 1118 2091 justiciarius
1144 2006 1327 2071 Hubertus

376 2110 419 2172 de
452 2111 570 2190 Burgo
603 2128 648 2172 ex
677 2109 741 2172 hoc
769 2108 927 2189 arguitur
949 2108 1056 2171 fuisse
1079 2115 1328 2188 transgressor,

376 2209 468 2290 quod
496 2208 715 2289 praedonibus
731 2207 800 2270 illis
818 2215 888 2271 tam
911 2207 1029 2270 literas
1051 2206 1142 2287 regis
1167 2213 1327 2288 patentes

376 2326 479 2388 qnam
495 2306 652 2388 proprias
666 2305 882 2382 exhibuerat,
899 2326 942 2369 ne
955 2305 1033 2388 quis
1046 2325 1106 2369 eos
1123 2305 1165 2369 de
1182 2305 1328 2388 praesata

378 2405 542 2468 violentia
555 2405 772 2486 praepediret.
825 2406 933 2469 Venit
954 2413 1123 2487 praeterea
1143 2406 1188 2468 ad
1212 2425 1327 2486 regern

377 2504 467 2566 inter
499 2510 644 2567 caeteros
675 2504 850 2568 Robertus
877 2505 919 2567 de
948 2504 1097 2586 Tuinge,
1118 2504 1218 2568 miles
1241 2513 1328 2569 stre·

378 2622 479 2679 nuus,
506 2604 565 2684 qui
588 2603 665 2666 aliis
688 2605 981 2667 consentientibus
1004 2604 1123 2684 fruges
1148 2604 1326 2668 Romano·

378 2722 454 2765 rum
472 2703 673 2766 vendiderat
694 2712 729 2767 et
743 2703 957 2767 Willelmum
976 2703 1116 2766 Witber
1136 2723 1173 2766 se
1198 2704 1326 2767 iecerat

377 2802 559 2884 appellari,
586 2803 738 2883 quinque
769 2803 958 2866 servientes
985 2809 1138 2866 armatos
1165 2810 1202 2866 et
1225 2802 1326 2886 hujus

378 2902 553 2966 violentiae
600 2909 759 2965 auctores
804 2901 1093 2977 circumduxerat,
1130 2910 1327 2984 protestans

378 3001 570 3076 manifeste,
593 3000 685 3081 quod
708 3002 744 3063 in
767 3001 883 3064 odium
912 3000 1149 3064 Romanorum
1168 3010 1204 3064 et
1221 3020 1327 3065 causa

373 3099 480 3182 justae
506 3100 647 3164 ultionis
669 3107 906 3181 transgressus
932 3100 1058 3176 iuerat,
1081 3101 1140 3182 qui
1167 3120 1230 3182 per
1249 3121 1326 3165 sen·

379 3200 522 3262 tentiam
555 3198 706 3261 Romani
734 3199 906 3280 pontificis
934 3209 968 3263 et
996 3198 1117 3262 fraude
1143 3201 1327 3263 manifesta

379 3297 578 3359 nitebantur
594 3317 670 3359 eum
695 3299 738 3360 ab
762 3299 876 3374 unica,
900 3317 1003 3380 quam
1025 3297 1157 3374 babuit,
1182 3299 1327 3363 ecclesia

377 3395 549 3476 spoliare;
579 3395 712 3460 addidit
732 3398 848 3474 etiam,
866 3397 957 3479 quod
985 3398 1107 3461 maluit
1123 3398 1167 3460 ad
1194 3407 1327 3481 tempus

377 3494 506 3576 injuste
538 3496 840 3569 excommunicari,
874 3516 978 3577 quam
1009 3516 1031 3558 a
1063 3516 1128 3560 suo
1162 3498 1327 3562 beneficio

378 3594 452 3657 sine
470 3593 603 3677 judicio
634 3595 786 3676 spoliari.
833 3594 932 3658 Tunc
957 3615 1020 3658 rex
1046 3603 1081 3658 et
1103 3605 1326 3661 exsecutores

376 3694 514 3775 praefati
531 3694 631 3758 militi
653 3694 822 3757 dederunt
842 3694 1034 3770 eonsilium,
1057 3704 1108 3772 nt,
1131 3696 1190 3776 qui
1212 3697 1248 3758 in
1270 3715 1325 3760 ca·

376 3811 499 3856 nonem
526 3783 607 3856 lat'ae
631 3793 813 3857 sententiae
835 3794 1014 3871 inciderat,
1037 3793 1186 3859 Romam
1214 3795 1327 3860 absol·

376 3893 507 3955 vendus
536 3901 748 3973 properaret,
774 3900 809 3956 et
828 3893 889 3976 jus
915 3913 1015 3956 suum
1041 3912 1158 3957 coram
1186 3895 1324 3958 domino

374 4009 468 4073 papa
489 3999 740 4073 protestaretur
757 4000 793 4056 et
807 3993 899 4074 quod
915 3993 1093 4056 ecclesiam
1111 3993 1210 4076 juste
1233 3994 1324 4076 pari-

374 4097 427 4152 ter
459 4099 494 4154 et
518 4092 682 4154 canonice
704 4090 922 4174 possidebat3
955 4091 1049 4157 dedit
1072 4093 1176 4156 etiam
1201 4095 1233 4156 ei
1261 4113 1321 4157 rex

372 4187 490 4252 literas
513 4189 555 4252 ad
585 4210 711 4273 papam
733 4191 983 4255 testimoniales
1005 4191 1144 4275 dejure
1166 4212 1245 4271 suo,
1268 4193 1327 4257 de-
