2978 4996
440 388 484 453 98
693 404 825 452 nonnul
850 402 897 449 ou
921 399 1127 451 wuuoovnn

281 571 405 613 A·1>·1²¹⁴·
442 559 516 639 regi
532 556 754 621 ostenderant
769 556 805 618 in
822 554 999 618 obsidione
1013 553 1089 637 jam
1105 552 1215 628 linita,
1235 571 1304 615 non
1325 571 1388 633 po-

444 663 585 721 tuerunt
610 653 877 718 misericordiam
911 654 1108 734 impetrare,
1136 651 1276 733 [viginti
1302 669 1389 733 qua·

445 755 553 835 tuon]
623 753 797 816 Henricus
828 770 910 815 vero
948 750 990 812 de
1021 751 1189 815 Braibroc
1218 768 1325 812 sanus
1356 755 1391 812 et

444 853 626 917 incolumis
659 851 703 914 ad
740 869 856 930 regem
886 850 1026 912 veniens
1063 848 1189 911 multas
1218 848 1250 910 ei
1283 846 1392 928 grati-

445 972 544 1015 arum
576 950 694 1014 retulit
721 949 885 1012 actiones.
961 946 1141 1010 Felcasius
1172 953 1300 1021 autem,
1330 964 1392 1027 spe

446 1050 534 1113 falsa
560 1049 735 1122 seductus,
765 1046 909 1110 credidit
939 1065 1021 1109 suos
1048 1064 1109 1126 per
1139 1064 1267 1107 annum
1301 1045 1391 1107 inte·

446 1169 545 1230 grum
567 1146 747 1210 castellum
771 1164 872 1226 posse
889 1144 1085 1226 scaptione
1107 1142 1308 1220 defendere3
1332 1141 1392 1204 sed

447 1246 597 1320 taudem,
626 1264 703 1307 cum
731 1242 856 1306 fratres
887 1261 969 1304 suos
1000 1251 1035 1305 et
1057 1240 1144 1304 alios
1173 1259 1293 1304 omnes
1316 1258 1392 1302 sus-

447 1363 572 1425 pensos
593 1350 689 1405 certa
709 1341 876 1404 relatione
890 1341 1121 1420 cognovisset,
1139 1338 1202 1401 sub
1220 1337 1393 1400 conductu

446 1439 651 1516 Alexandri,
667 1438 912 1503 Coventreusis
929 1438 1093 1518 episcopi,
1111 1436 1201 1518 apud
1220 1435 1390 1500 Bedeford

447 1540 544 1602 venit
569 1537 611 1600 ad
641 1555 756 1617 regem
787 1542 823 1599 et
846 1554 1009 1599 corruens
1044 1529 1189 1616 ¹pr0nus
1219 1533 1262 1597 ad
1289 1534 1393 1615 pedes

447 1637 523 1719 ejus
546 1635 749 1717 postulavit,
773 1643 944 1716 quatenus
970 1652 1032 1715 pro
1057 1633 1192 1712 magnis
1219 1633 1391 1714 obsequiis

447 1737 521 1797 suis
547 1741 582 1797 et
605 1733 779 1796 laboribus
809 1732 1020 1813 sumptuosis
1047 1732 1179 1794 sibiae
1208 1732 1300 1812 patri
1328 1750 1391 1794 suo

449 1841 600 1913 tempore
629 1831 830 1896 hostilitatis
855 1830 1018 1912 impensis
1043 1829 1309 1893 misericordiam
1333 1829 1393 1892 ed-

448 1931 591 1995 biberet.
663 1930 763 1996 Tune
795 1949 859 1992 rex
888 1948 949 2010 per
976 1927 1155 1992 consilium
1183 1927 1325 1991 tradidit
1351 1926 1392 1991 il·

447 2029 530 2106 lum,
557 2029 721 2104 castellis,
745 2028 846 2091 terris
877 2045 917 2089 ac
947 2028 1048 2089 rebus
1077 2025 1234 2091 omnibus
1266 2025 1393 2107 spolia·

447 2135 532 2202 tum,
558 2128 622 2190 sub
652 2125 810 2188 custodie
843 2124 1035 2200 Eustachii,
1069 2123 1297 2188 Londinensis
1321 2125 1392 2206 epi-

447 2225 556 2305 scopi,
575 2222 684 2286 donec
707 2222 789 2303 quid
811 2221 854 2285 de
878 2222 939 2286 illo
964 2230 1083 2303 ageret
1098 2230 1189 2286 esset
1208 2223 1392 2286 seutentia-

411 2356 414 2362 ·
447 2322 527 2385 liter
554 2320 756 2398 definitum;
788 2321 896 2384 etsie
920 2321 1020 2401 quasi
1042 2321 1078 2383 in
1105 2328 1278 2384 momento
1301 2320 1391 2384 idem

448 2419 627 2482 Falcasius
644 2417 686 2480 de
702 2418 871 2482 ditissimo
888 2419 1126 2499 pauperrimus
1138 2418 1291 2494 effectus,
1307 2419 1392 2482 mul·

446 2517 491 2577 tis
514 2523 549 2578 et
571 2517 723 2580 maxime
748 2516 950 2579 nocentibus
974 2517 1103 2597 poterit
1122 2515 1196 2578 fieri
1218 2518 1252 2579 in
1276 2536 1392 2580 exem·

445 2613 552 2695 plum.
598 2615 653 2677 De
668 2614 733 2678 hoc
749 2633 832 2677 vero
846 2632 929 2676 casu
944 2612 1091 2677 sortunae
1105 2614 1245 2695 quidam
1263 2616 1313 2678 sic
1330 2617 1391 2689 ait,

528 2750 537 2777 ‘
551 2743 678 2802 Perdidit
690 2745 719 2801 in
733 2763 830 2800 meuse
851 2777 859 2794 ·
876 2743 961 2800 Falco
975 2753 1033 2802 tam
1045 2745 1172 2803 fervidus
1187 2766 1263 2816 ense,

551 2838 656 2897 Omine
669 2840 721 2897 sub
736 2858 814 2896 saevo
837 2872 844 2887 ·
861 2838 995 2915 quicquid
1008 2841 1138 2915 quaesivit
1151 2842 1187 2899 ab
1200 2840 1281 2899 evo)

447 2963 549 3029 Uxor
571 2984 708 3046 quoque
734 2964 911 3047 saepedicti
934 2958 1103 3029 'Falcasii
1131 2969 1332 3049 conspectui
1354 2989 1391 3033 se

445 3064 537 3142 regis
568 3069 603 3126 et
625 3061 872 3145 archicpiscopi
899 3071 1149 3145 repraesentans
1177 3066 1267 3129 dixit
1292 3086 1331 3131 se
1356 3069 1390 3131 in

445 3177 523 3221 eum
538 3179 712 3240 nunquam
725 3162 952 3238 consensisse,
965 3170 1005 3226 ut
1016 3162 1064 3225 illi
1079 3165 1297 3230 matrimonio
1310 3167 1391 3252 Jun-

444 3264 605 3336 geretur3
624 3257 726 3334 unde,
744 3278 821 3322 cum
839 3268 992 3342 tempore
1007 3260 1208 3327 hostilitatis
1225 3264 1392 3330 violenter

444 3362 547 3435 capta
562 3362 652 3419 esset
668 3362 703 3419 et
716 3357 846 3439 absque
861 3377 1028 3423 consensu
1043 3359 1264 3442 desponsata,
1279 3363 1391 3428 divor-

444 3452 531 3514 tium
548 3453 622 3517 fieri
645 3456 845 3536 postulavit.
899 3456 999 3521 Tune
1022 3458 1298 3542 archiepiscopus
1318 3469 1390 3526 sta·

444 3550 511 3614 tuit
530 3551 582 3615 illi
604 3552 706 3630 diem,
729 3561 768 3616 ut
785 3555 923 3618 interim
946 3555 1225 3620 deliberationem
1248 3558 1391 3624 haberet

443 3649 526 3729 quid
542 3670 644 3731 agere
659 3652 853 3732 debuisset;
877 3672 939 3716 rex
953 3674 1035 3717 vero
1052 3656 1222 3719 concessit
1235 3656 1268 3719 ei
1281 3653 1390 3722 terras

443 3767 561 3811 omnes
588 3757 622 3812 et
645 3752 880 3831 possessiones
905 3771 987 3815 suas
1008 3772 1069 3834 per
1091 3760 1200 3817 totam
1223 3754 1388 3837 Angliam

477 3918 596 3972 'Pronus
615 3925 647 3972 nd
663 3927 736 3988 pedes
754 3921 828 3994 eiua]
846 3927 900 3976 The
926 3943 988 3989 mer,
1004 3930 1022 3979 i.
1039 3944 1066 3991 p.
1085 3933 1150 3989 1⁷s;
1173 3931 1194 3978 it
1210 3932 1233 3979 is
1251 3931 1329 3982 dated
1347 3935 1389 3985 tbe

440 3990 539 4040 chester
556 3993 590 4053 by
601 3993 684 4043 which
702 3995 734 4043 he
747 3998 849 4057 resigns
865 3997 900 4044 nll
925 3997 986 4046 neth
1001 4000 1113 4060 August.

439 4059 480 4140 his
502 4075 591 4121 money
612 4063 662 4111 and
684 4063 755 4114 other
781 4071 900 4127 property
960 4063 1110 4152 ”Folo-urii]
1123 4068 1284 4130 ‘Margareln
1293 4072 1391 4121 scilicet

439 4133 492 4176 into
508 4129 550 4177 the
569 4127 652 4192 king’s
674 4132 755 4183 hands
771 4135 794 4183 is
810 4135 900 4195 inRy·
925 4136 958 4185 de
972 4137 1100 4198 stipariis3
1129 4137 1213 4187 Paris.
