2978 4996
396 428 534 478 neonae
557 429 826 480 nrsrouraauu.
1040 416 1085 481 43

134 587 296 666 litentur3
328 604 439 650 caecos
456 586 547 649 enim
565 586 790 665 illuminasse,
811 588 967 671 leprosos
983 609 1083 653 mun·
1097 605 1220 645 nonu.

135 687 249 761 dasse,
273 693 308 749 et
331 694 486 749 mortuos
509 686 709 762 suscitasse,
733 695 914 766 astruunt3
941 689 1083 752 verbum
1097 656 1212 745 msa

136 803 273 866 quoque
293 802 335 846 ac
357 785 517 865 spiritum
536 784 604 847 Dei
620 786 690 848 vivi
708 784 752 848 ad
769 786 873 850 caelos
888 787 1084 851 ascendisse

135 903 204 946 non
219 881 429 946 discredunt.
482 882 597 959 Unde,
615 885 755 965 quando
771 892 926 967 tempore
943 882 1084 966 treuga·

136 1001 212 1044 rum
243 982 418 1062 sapientes
448 1000 566 1045 eorum
601 981 822 1046 Hierusalem
853 983 1086 1048 ascendebant

138 1088 173 1144 et
192 1080 417 1162 postulabant
443 1080 508 1143 sibi
529 1074 681 1144 ¹codices
701 1081 958 1162 evangeliorum
986 1081 1084 1145 exhi·

137 1181 222 1256 beri,
244 1178 535 1243 deosculabantur
557 1197 679 1242 cosae
706 1181 923 1244 mirabantur
945 1188 1086 1263 propter

138 1278 226 1359 legis
242 1278 460 1355 munditiam,
482 1296 588 1359 quam
604 1277 766 1342 Christus
787 1279 916 1356 docuit,
939 1286 974 1344 et
996 1298 1085 1361 prae·

138 1378 238 1459 cipue
253 1383 396 1459 propter
411 1376 628 1457 evangelium
646 1376 751 1441 Lucae
765 1383 775 1412 ‘
790 1377 921 1441 Missus
941 1385 995 1463 est
1012 1377 1086 1441 Ga·

140 1474 247 1553 briel,'
261 1475 355 1558 quod
377 1477 507 1558 saepius
524 1483 715 1540 retractant
731 1483 766 1540 et
784 1484 944 1558 repetunt
957 1476 1087 1540 literati

139 1593 269 1638 eorum.
323 1573 398 1638 Lex
417 1582 533 1638 autem
555 1574 705 1652 illorum,
728 1594 845 1657 quam,
862 1574 1001 1640 diabolo
1016 1574 1088 1638 dic·

140 1681 249 1749 tante,
286 1673 478 1736 ministerio
510 1672 624 1754 Sergii
659 1673 818 1737 monachi
850 1682 1021 1756 apostatae
1052 1680 1088 1737 et

139 1771 306 1848 haeretici,
319 1770 541 1835 Mahcmetus
558 1772 707 1835 Arabice
725 1774 889 1854 scriptam
906 1773 1088 1836 Saracenis

140 1870 235 1935 dedit
265 1889 308 1934 ac
337 1871 467 1947 docuit,
494 1889 516 1933 a
547 1870 665 1951 gladio
693 1872 811 1951 coepit,
842 1889 904 1952 per
936 1871 1088 1951 gladium

141 1977 291 2046 tenetur,
311 1970 396 2032 etin
416 1969 532 2050 gladio
549 1969 765 2033 terminatur.
819 1967 893 2032 Iste
909 1969 1089 2032 Mahcme-

142 2076 200 2133 tus
222 2069 407 2132 illiteratus
433 2068 510 2145 suit,
539 2069 725 2149 sicutipse
747 2069 783 2130 in
801 2066 1001 2132 Alchorano
1025 2086 1089 2129 suo

144 2174 318 2245 testatum
342 2169 415 2248 qui,
433 2186 511 2249 quae
528 2167 800 2249 praenominatus
819 2165 1000 2229 haereticus
1018 2164 1089 2229 dic·

145 2267 245 2342 tavit,
276 2267 351 2348 ipse
373 2267 588 2347 praedicavit,
611 2274 658 2343 et,
688 2267 770 2348 quia
799 2271 923 2347 potens
949 2273 1024 2329 erat
1056 2273 1091 2328 et

144 2364 301 2429 Arabum
317 2366 489 2447 princepe,
506 2384 567 2447 per
582 2366 866 2429 comminationes
882 2383 963 2428 suas
979 2364 1091 2445 legem

143 2463 268 2528 statuit
281 2464 469 2528 observari.
523 2463 740 2527 Luxuriosus
755 2471 871 2528 autem
886 2464 952 2528 fuit
971 2471 1006 2528 et
1022 2462 1093 2527 bel-

143 2563 284 2639 licosus,
306 2570 342 2626 et
358 2563 435 2627 ideo
457 2563 499 2625 de
521 2564 739 2626 immunditia
754 2582 795 2626 ac
811 2563 967 2627 vanitate
981 2563 1093 2644 legem

144 2661 251 2734 dedit,
268 2680 372 2742 quam
394 2661 579 2725 carnaliter
592 2662 748 2726 viventes
766 2661 802 2724 in
823 2668 955 2743 partem
974 2662 1093 2742 volup

146 2762 230 2824 tatis
246 2762 456 2836 observant;
484 2767 519 2824 et
536 2760 627 2823 sicut
643 2760 755 2841 legem
771 2758 899 2823 Christi
915 2760 1044 2823 veritas
1059 2767 1094 2822 et

145 2859 552 2936 munditiamuniunt,ita
561 2878 711 2923 errorem
722 2859 875 2939 ipsorum
885 2858 989 2920 timor
999 2876 1093 2919 mun·

146 2958 258 3022 danus
275 2966 310 3022 et
320 2958 490 3021 humanus
504 2958 736 3040 voluptasque
747 2957 896 3021 carnalis
908 2956 1094 3021 extollunt.

163 3182 169 3196 .
222 3132 272 3194 De
288 3130 423 3195 adventu
438 3129 567 3215 Pelaytt
584 3129 678 3215 leyati
693 3127 782 3213 apud
794 3130 974 3193 Damietam
990 3136 1019 3192 et

426 3229 562 3293 aliorum
571 3229 821 3314 pereprinorum.

198 3351 394 3435 Subjugata
410 3350 528 3432 igitur,
539 3360 578 3414 ut
589 3351 717 3415 dictum
734 3359 799 3427 est,
815 3352 901 3415 turri
916 3351 1095 3424 Damietae,
1110 3370 1226 3412 arania

148 3458 316 3515 venerunt
334 3451 377 3513 ad
396 3451 595 3533 passagium
614 3458 746 3514 sanctae
761 3451 885 3526 crucis,
906 3451 998 3532 quod
1014 3459 1098 3514 tunc
1111 3422 1216 3519 ,P‘fflm‘

150 3551 317 3626 instabat,
347 3550 390 3612 de
421 3549 567 3612 diversis
596 3550 715 3612 mundi
744 3551 902 3630 partibus
927 3549 1099 3632 peregrini

151 3649 275 3727 multi;
310 3649 402 3712 inter
424 3668 512 3730 quos
533 3655 704 3712 venerunt
725 3647 904 3730 Pelagine,
922 3644 1100 3710 Albanen·

150 3748 200 3810 sis
230 3748 413 3830 episcopus
440 3755 475 3811 et
500 3747 816 3829 apostolicaesedis
843 3747 993 3825 legatus,
1022 3763 1100 3807 cum

150 3847 317 3927 magistro
330 3844 484 3910 Roberto
502 3847 545 3909 de
565 3839 717 3910 ²Curcun
734 3852 769 3907 et
784 3844 953 3907 Romanis
970 3842 1099 3906 multis.

187 4046 508 4120 'Codicerecnugeliorum.]
520 4052 577 4102 Jac·
583 4052 615 4100 de
641 4050 780 4101 ‘Corteon'
792 4051 817 4097 iu
830 4050 888 4099 Jac.
900 4051 933 4099 de
944 4051 1066 4108 Vitriaco,
1077 4068 1103 4112 p.

149 4125 274 4182 vitriaco,
284 4137 311 4183 p.
325 4125 399 4170 118⁷.
645 4124 722 4169 llud:
739 4120 779 4168 his
792 4135 864 4168 name
876 4136 985 4182 appears
996 4127 1022 4171 to
1039 4121 1104 4170 have

186 4191 330 4254 ²Curcum]
347 4193 354 4218 ‘
367 4191 493 4240 Turrum'
508 4192 534 4240 in
547 4192 615 4251 lusa
644 4193 707 4240 been
720 4185 868 4253 ‘Courpon'
