2978 4996
381 459 522 508 nnoans
545 461 816 511 nrsroamauu.
1029 450 1074 514 93

117 616 262 680 consilio
288 625 457 681 venerunt
471 619 563 700 apud
588 618 864 682 Norhamtonam
889 619 933 682 ad
957 639 1072 702 regem
1089 634 1142 674 Α-ῡ-
1154 637 1209 675 1²²⁴·

120 717 287 793 universi,
318 725 353 780 et
380 737 401 779 a
423 719 548 782 comite
567 717 744 783 cestrensi
769 718 972 800 incipientes
995 720 1073 784 red-

119 814 281 879 diderunt
298 816 426 898 singuli
442 817 587 880 castella
605 824 640 880 et
655 817 854 899 municipia,
875 818 1021 881 honores
1038 828 1073 883 et

119 915 307 991 custodias,
332 916 419 996 regi,
439 935 517 997 quae
539 916 582 978 ad
608 935 770 979 coronam
798 925 956 998 spectare
977 918 1074 982 vide·

118 1015 272 1091 bantur;
299 1014 428 1078 mansit
454 1014 678 1079 nihilominus
711 1016 896 1078 eorundem
929 1035 1072 1097 magna·

118 1121 192 1176 tum
219 1113 415 1194 indignatio
442 1113 608 1176 adversus
634 1133 764 1195 regem,
788 1115 871 1195 quia
894 1115 1005 1178 noluit
1027 1115 1072 1178 ad

115 1212 253 1275 illorum
270 1213 472 1276 instantiam
489 1212 720 1295 justiciarium
738 1232 908 1277 amovere.
962 1213 1072 1278 Erant

117 1319 232 1375 autem
252 1311 354 1396 hujus
369 1311 502 1374 dissidii
518 1312 713 1375 incentores
733 1331 848 1375 comes
863 1312 1070 1391 Castrensis,

48 1398 51 1403 ¹
117 1429 233 1474 comes
262 1411 546 1486 Albemarlensis,
577 1410 758 1474 Johaunes
793 1412 1069 1476 constabularius

117 1509 274 1585 cestriae,
297 1511 477 1574 Falcasius
500 1529 577 1573 cum
602 1511 675 1573 suis
701 1510 912 1587 castellanis,
938 1511 1070 1576 Rober-

116 1615 173 1673 tus
197 1610 241 1674 de
260 1609 518 1692 Veteri-ponte,
547 1608 695 1672 Brienus
717 1610 760 1672 de
784 1609 918 1687 Insula,
943 1610 1069 1675 Petrus

117 1708 160 1771 de
183 1708 410 1785 Malo-leone,
436 1708 621 1790 Philippus
653 1708 764 1784 Marc,
794 1709 998 1791 Ingelardus
1026 1711 1069 1774 de

115 1805 235 1885 Athie,
251 1808 447 1871 Willelmus
470 1807 512 1871 de
534 1806 681 1870 Cantelo
704 1815 738 1870 et
756 1807 953 1871 Willelmus
976 1809 1068 1872 iilius

115 1907 202 1990 ejus,
220 1907 367 1971 etmulti
381 1907 453 1983 alii,
471 1907 530 1989 qui
547 1925 665 1968 omnes
681 1924 801 1986 pacem
819 1908 917 1988 regni
934 1916 1069 1990 pertur-

113 2007 196 2070 bare
212 2026 429 2088 summopere
441 2006 666 2071 conabantur.

129 2196 271 2276 Qualiter
285 2196 479 2275 Lodowicus,
494 2218 548 2260 raa
561 2197 772 2273 Francorum,
790 2195 959 2281 Eupalium
973 2218 1042 2260 cum

344 2296 465 2361 residuo
480 2297 634 2361 Pictavia
647 2295 833 2380 sudjupoait.

163 2421 293 2484 Eodem
308 2441 401 2485 anno
426 2441 488 2486 rex
509 2423 720 2486 Francorum
737 2420 942 2485 Lodowicus
961 2419 1063 2483 duxit
1077 2441 1177 2482 monera

113 2521 305 2584 exercitum
337 2521 501 2602 grandem
532 2522 577 2584 ad
610 2521 809 2603 Rupellam,
843 2528 882 2585 ut
906 2528 942 2584 et
967 2520 1062 2584 illam
1075 2495 1210 2583 tillidi

112 2620 168 2683 vel
194 2622 297 2684 armis
323 2621 380 2684 vel
405 2622 516 2703 pretio
544 2621 769 2704 subjugaret3
793 2638 961 2701 quocum
985 2640 1062 2701 per·

111 2717 277 2798 venisset,
299 2720 426 2784 obtulit
441 2721 574 2784 civibus
590 2739 659 2783 non
676 2719 845 2782 modicam
868 2719 1061 2801 pecuniam,

109 2825 150 2881 ut
169 2819 288 2882 villam
312 2839 410 2883 suam
437 2820 468 2883 ei
495 2820 676 2883 reddentes
698 2817 897 2881 fidelitatem
920 2817 985 2879 sibi
1011 2818 1064 2880 fa-

109 2926 228 2982 cerent
255 2925 438 3001 essentque
460 2919 512 2981 illi
539 2919 582 2982 de
604 2925 730 2981 caetero
754 2917 992 2995 intendentes;
1024 2923 1061 2980 at

109 3017 217 3094 cives,
234 3037 311 3081 cum
330 3036 352 3082 a
372 3036 454 3100 rege
469 3016 661 3099 Anglorum
685 3036 723 3080 se
744 3017 844 3098 quasi
864 3010 1060 3079 ¹derelictos

108 3125 340 3199 reputassent,
381 3125 453 3181 tam
496 3137 597 3200 prece
633 3136 735 3198 quam
776 3117 887 3198 pretio
927 3116 1059 3179 inducti

108 3218 184 3297 regi
210 3217 424 3281 Francorum
448 3209 653 3299 ²Rupellam
679 3215 906 3280 tradiderunt.
958 3216 1060 3279 Tunc

108 3335 171 3380 rex
188 3324 261 3380 tarn
286 3317 322 3380 in
340 3316 424 3379 villa
443 3335 546 3398 quam
566 3317 601 3378 in
627 3315 771 3380 castello
794 3315 920 3379 milites
943 3316 1059 3397 posuit

106 3422 143 3479 et
156 3416 358 3493 servientes,
378 3435 419 3478 ac
437 3414 572 3492 deinde,
590 3415 633 3478 de
654 3423 728 3479 tota
747 3414 908 3479 Pictavia
930 3415 1059 3479 securi-

144 3644 316 3712 ¹Derelietoe.]
333 3647 570 3697 IntheClosellolls
594 3648 743 3708 chronicles,
765 3649 863 3709 learing
882 3653 908 3696 to
927 3654 1013 3696 return
1033 3655 1058 3698 to

105 3718 129 3766 is
140 3731 157 3765 a
168 3718 227 3765 writ
243 3722 269 3765 to
285 3719 382 3779 Savary
399 3718 431 3766 de
447 3718 569 3767 Manleon
595 3718 722 3780 England‚
733 3718 765 3765 de
783 3718 904 3766 Mauleon
915 3721 983 3766 went
997 3732 1057 3767 over

106 3802 136 3837 as
147 3786 279 3836 aenasehal
289 3788 319 3836 os
327 3789 431 3851 Poitou,
446 3788 570 3850 chnrging
594 3788 774 3848 totheenemy.
796 3788 857 3836 llec.
866 3787 912 3836 des
921 3787 1060 3839 Histtom.

104 3855 157 3906 him
174 3856 236 3905 with
253 3857 354 3919 neglect
373 3858 399 3906 in
416 3863 459 3907 not
476 3858 570 3920 having
594 3858 657 3906 xvii.
668 3872 694 3917 p.
707 3860 764 3905 8⁰⁷.

104 3926 244 3987 appointed
262 3926 294 3974 Β.
306 3927 338 3975 de
353 3927 436 3976 Podio
453 3927 566 3991 (accord
630 3923 777 3988 'Rupellnm
796 3924 972 3988 tradiderunt]
998 3926 1057 3974 Let-

104 3995 150 4057 ing
167 3999 193 4043 to
205 3995 246 4045 his
263 4011 321 4044 own
337 3999 455 4057 previous
473 4012 569 4046 recom·
595 4000 646 4044 tere
665 4010 734 4055 upon
751 3995 793 4043 the
813 3995 865 4043 losa
881 3995 910 4043 ol
926 3994 1056 4057 Rachelle‚

103 4062 262 4130 mendation)
273 4070 299 4114 to
315 4066 357 4115 tha
372 4072 533 4128 government
544 4067 572 4115 of
595 4064 657 4113 from
680 4064 722 4112 the
743 4079 830 4126 mayor
847 4063 897 4113 und
914 4065 1012 4114 council
1031 4065 1060 4114 ol'

103 4134 237 4196 Roohelle3
250 4150 276 4196 p.
286 4139 343 4185 ⁵82.
366 4136 569 4186 Astarliochelle
596 4135 726 4196 Bayoune,
737 4149 780 4184 are
798 4135 898 4197 printed
914 4136 939 4183 in
955 4136 1059 4198 Rymer,

101 4204 569 4269 wutnlemaccordingtothel'rench
594 4206 613 4255 i.
626 4220 652 4268 p.
665 4207 722 4253 lta.
