2978 4996
420 425 485 491 134
676 438 811 487 nocant
830 439 882 485 nu
906 437 1112 486 wunnovna

260 611 382 655 annm.
421 599 485 662 bus
508 596 634 661 ceratis
656 597 829 678 coriisque
854 597 999 659 taurinis
1019 595 1201 679 jusserunt
1220 595 1374 674 involvi;

423 706 458 761 et
479 697 529 760 sic
562 698 699 778 legatus
727 715 805 759 cum
832 694 987 777 praelatis
1015 694 1059 757 ad
1082 696 1297 759 obsidionem
1321 716 1373 759 re·

423 816 545 861 versus
574 805 640 873 est,
669 814 813 877 corpore
847 794 939 875 regis
970 795 1006 856 in
1038 794 1180 858 abbatia
1208 795 1273 858 sub
1297 802 1375 859 tuta

424 895 581 959 custodia
604 895 781 977 deputato.
835 890 923 957 Cum
945 893 1052 974 igitur
1075 893 1218 957 vidisset
1236 893 1375 974 legatus

424 994 517 1077 quod
540 993 625 1057 nihil
652 994 688 1057 in
711 992 889 1057 obsidione
914 991 1152 1074 proficiebant,
1176 991 1237 1055 sed
1259 991 1374 1056 diver-

425 1094 474 1157 sis
501 1092 727 1157 incommodis
751 1110 893 1174 prorsus
920 1090 1138 1167 deficiebant,
1160 1091 1203 1154 de
1228 1091 1375 1155 consilio

426 1193 607 1275 majorum,
628 1193 687 1274 qui
710 1198 810 1255 erant
827 1191 862 1253 in
885 1190 1021 1267 castris,
1038 1191 1214 1255 nuntiavit
1230 1190 1266 1253 in
1289 1191 1375 1253 civi·

427 1300 548 1368 tatem,
575 1291 763 1354 instantius
788 1297 924 1372 petens,
945 1297 1130 1371 quatenus,
1157 1296 1302 1371 accepta
1323 1308 1377 1354 se·

427 1375 575 1453 caritate
607 1388 751 1471 pacifice
784 1388 944 1452 veniendi
969 1395 1004 1451 ct
1027 1387 1233 1465 revertendi,
1260 1391 1375 1452 mitte-

428 1494 505 1552 rent
521 1487 702 1552 duodecim
725 1507 769 1551 ex
785 1486 974 1570 majoribus
992 1487 1144 1553 civitatis
1164 1486 1208 1549 ad
1224 1487 1377 1569 legatum

428 1593 464 1650 ct
479 1586 636 1651 venirent
651 1587 858 1668 quantocius
876 1586 919 1650 de
936 1604 1022 1669 pace
1038 1595 1074 1650 et
1087 1586 1271 1651 concordia
1288 1594 1376 1651 trac·

428 1685 547 1749 taturi.

431 1857 522 1932 Quod
537 1858 650 1922 civitas
665 1856 832 1922 Aeiniont's
846 1878 867 1920 a
881 1857 1020 1921 Francis
1034 1856 1132 1923 dobeo
1145 1858 1187 1922 sit
1202 1855 1377 1943 subjacete.

267 1998 411 2038 rnetovnos
481 1983 585 2046 Datis
604 1983 712 2062 igitur
735 1981 778 2044 de
798 1981 985 2044 securitate
1005 1981 1194 2058 obsidibus,
1213 1988 1379 2045 venerunt

267 2048 368 2144 duffii
430 2080 473 2143 ad
495 2081 703 2161 colloquium
723 2079 831 2161 legati
851 2081 944 2143 cives
962 2079 1156 2156 duodecim,
1170 2087 1205 2144 et
1221 2080 1265 2143 de
1283 2081 1378 2162 pacis

268 2147 383 2195 ‘mm'
431 2179 541 2242 forma
563 2178 693 2241 diutius
718 2186 920 2254 tractantes,
943 2179 1116 2260 persuasit
1131 2178 1265 2242 civibus
1288 2179 1378 2260 lega·

432 2286 488 2341 tus
510 2283 712 2340 constanter
725 2283 765 2339 ut
780 2295 818 2339 se
838 2277 1031 2355 redderent,
1050 2278 1157 2341 salvis
1175 2278 1241 2341 sibi
1257 2285 1293 2342 et
1307 2279 1378 2342 suis

432 2376 590 2438 omnibus
605 2375 880 2456 possessionibus
898 2384 933 2441 et
951 2378 1052 2441 rebus
1069 2396 1145 2441 cum
1163 2376 1379 2440 libertatibus

434 2474 616 2550 universis,
638 2475 728 2538 sicut
750 2474 918 2539 hactenns
947 2477 1070 2540 melius
1099 2482 1135 2539 et
1156 2474 1298 2539 liberius
1320 2476 1381 2539 ha-

433 2572 593 2637 buerunt.
647 2571 703 2638 Ad
725 2574 799 2637 haec
820 2574 913 2639 cives
937 2574 1183 2657 respondentes
1205 2574 1382 2652 dixerunt,

433 2672 525 2752 quod
550 2673 645 2736 nullo
668 2673 770 2736 modo
791 2692 828 2736 se
845 2673 1039 2752 redderent,
1058 2681 1097 2738 ut
1120 2675 1183 2737 sub
1207 2681 1380 2756 potestate

435 2772 592 2836 viverent
616 2772 843 2847 Francorum,
866 2792 1013 2854 quornm
1042 2771 1218 2836 multoties
1246 2774 1380 2855 experti

433 2870 571 2935 fucrant
584 2872 780 2953 superbiam
798 2879 833 2935 et
847 2872 1040 2936 insolentiae
1058 2871 1241 2937 feritatem.
1287 2873 1381 2936 Tan·

433 2970 510 3032 dem
539 2977 619 3052 post
636 2971 763 3033 multas
790 2970 869 3033 hinc
896 2971 976 3035 inde
1003 2971 1272 3053 disceptationes
1293 2972 1380 3054 peti-

434 3069 485 3131 vit
511 3068 662 3147 legatus,
691 3076 731 3131 ut
752 3088 830 3132 cum
859 3069 1013 3152 praelatis
1041 3071 1100 3152 qui
1134 3072 1279 3134 aderant
1301 3091 1380 3153 pos-

433 3172 487 3229 set
516 3165 652 3245 ingredi
682 3167 870 3245 civitatcm,
896 3176 936 3233 ut
965 3170 1064 3234 tidem
1094 3170 1258 3251 probaret
1280 3171 1317 3233 in
1340 3189 1381 3233 ea

433 3264 677 3341 habitantium,
703 3265 877 3331 affirmans
906 3288 984 3332 cum
1009 3268 1220 3352 juramento,
1247 3289 1285 3333 se
1312 3289 1379 3332 non

433 3363 477 3425 ob
506 3362 600 3425 aliud
631 3365 842 3428 obsidionem
872 3369 1097 3448 protraxisse,
1126 3367 1192 3430 nisi
1221 3375 1260 3431 nt
1287 3368 1381 3432 salu-

433 3469 503 3524 tem
533 3470 705 3544 quaereret
732 3465 952 3546 animarnm3
984 3466 1118 3530 addidit
1142 3467 1261 3543 etiam,
1289 3468 1380 3551 quod

433 3561 562 3626 clamor
590 3562 817 3640 infidelitatis,
839 3583 918 3645 quae
941 3566 977 3629 in
999 3566 1084 3629 urbe
1107 3565 1316 3643 invaluerat,
1338 3567 1382 3630 ad
1418 3631 1421 3635 .

431 3681 558 3744 papam
589 3661 757 3738 ascendit,
786 3662 877 3725 unde
908 3665 996 3727 scire
1027 3664 1245 3729 desiderabat
1267 3673 1382 3729 utrum

432 3760 617 3824 clamorem
636 3780 739 3842 opere
757 3762 1036 3843 complevissent.
1082 3757 1198 3827 ¹Tunc
1215 3765 1309 3830 cives
1326 3786 1384 3828 su-

468 3935 476 3967 ¹
492 3939 559 3987 Parc
569 3933 655 4006 ciera]
673 3938 728 3987 'l'he
740 3939 836 3988 French
848 3939 901 3989 his·
925 3942 1024 3990 Annals
1037 3944 1057 3990 it
1073 3942 1096 3990 is
1118 3943 1184 4003 said,
1200 3943 1308 4005 ‘Legati
1324 3958 1385 4004 apo·

434 4009 528 4055 torians
539 4023 583 4056 are
593 4009 668 4056 silent
681 4022 709 4056 as
720 4014 745 4056 to
753 4009 795 4057 the
803 4010 900 4058 treacb-
924 4013 1006 4060 stolici
1029 4011 1188 4060 tradiderunt
1210 4015 1297 4063 urbem
1320 4029 1385 4076 prar-

433 4091 477 4136 ery
490 4077 603 4125 asserted
620 4079 645 4125 in
663 4077 706 4125 tue
723 4083 777 4126 text
792 4085 818 4127 to
835 4080 899 4128 have
922 4082 991 4130 dicto
1002 4076 1083 4143 regi3⁸
1101 4096 1127 4142 p.
1140 4085 1197 4131 190.

434 4145 496 4193 been
511 4147 654 4207 practised;
672 4148 698 4195 in
710 4147 752 4196 the
765 4149 898 4209 Waverley
