<?xml version="1.0" encoding="UTF-8"?>
<!DOCTYPE html PUBLIC "-//W3C//DTD XHTML 1.0 Transitional//EN"
    "http://www.w3.org/TR/xhtml1/DTD/xhtml1-transitional.dtd">
<html xmlns="http://www.w3.org/1999/xhtml" xml:lang="en" lang="en">
 <head>
  <title>
</title>
<meta http-equiv="Content-Type" content="text/html;charset=utf-8" />
  <meta name='ocr-system' content='tesseract 3.04.00' />
  <meta name='ocr-capabilities' content='ocr_page ocr_carea ocr_par ocr_line ocrx_word'/>
</head>
<body>
  <div class='ocr_page' id='page_1' title='image "./rogeridewendove02rogegoog_0116.png"; bbox 0 0 2978 4996; ppageno 0'>
   <div class='ocr_carea' id='block_1_1' title="bbox 378 418 1070 482">
    <p class='ocr_par' dir='ltr' id='par_1_1' title="bbox 378 418 1070 482">
     <span class='ocr_line' id='line_1_1' title="bbox 378 418 1070 482; baseline 0.003 -3"><span class='ocrx_word' id='word_1_1' title='bbox 378 429 520 480; x_wconf 73' lang='lat' dir='ltr'><strong>scenas</strong></span> <span class='ocrx_word' id='word_1_2' title='bbox 542 430 814 481; x_wconf 78' lang='lat' dir='ltr'><strong>nrsronmnnn.</strong></span> <span class='ocrx_word' id='word_1_3' title='bbox 1006 418 1070 482; x_wconf 81' lang='lat'><strong>105</strong></span> 
     </span>
    </p>
   </div>
   <div class='ocr_carea' id='block_1_2' title="bbox 118 585 1204 2338">
    <p class='ocr_par' dir='ltr' id='par_1_2' title="bbox 118 585 1204 2338">
     <span class='ocr_line' id='line_1_2' title="bbox 118 585 1204 670; baseline 0.004 -23"><span class='ocrx_word' id='word_1_4' title='bbox 118 603 243 666; x_wconf 90' lang='lat' dir='ltr'><strong>panem</strong></span> <span class='ocrx_word' id='word_1_5' title='bbox 264 585 480 650; x_wconf 85' lang='lat' dir='ltr'><strong>benedictum</strong></span> <span class='ocrx_word' id='word_1_6' title='bbox 501 588 692 669; x_wconf 83' lang='lat' dir='ltr'><strong>percipiant</strong></span> <span class='ocrx_word' id='word_1_7' title='bbox 711 588 746 650; x_wconf 90' lang='lat' dir='ltr'><strong>iu</strong></span> <span class='ocrx_word' id='word_1_8' title='bbox 770 587 926 663; x_wconf 86' lang='lat' dir='ltr'><strong>ecclesia,</strong></span> <span class='ocrx_word' id='word_1_9' title='bbox 950 607 1068 670; x_wconf 91' lang='lat' dir='ltr'><strong>quam·</strong></span> <span class='ocrx_word' id='word_1_10' title='bbox 1082 604 1136 644; x_wconf 69' lang='lat' dir='ltr'><strong>av·</strong></span> <span class='ocrx_word' id='word_1_11' title='bbox 1148 603 1204 643; x_wconf 77' lang='lat'>1²²⁵·</span> 
     </span>
     <span class='ocr_line' id='line_1_3' title="bbox 118 683 1068 750; baseline 0.004 -5"><span class='ocrx_word' id='word_1_12' title='bbox 118 683 178 746; x_wconf 90' lang='lat' dir='ltr'><strong>diu</strong></span> <span class='ocrx_word' id='word_1_13' title='bbox 209 685 444 748; x_wconf 89' lang='lat' dir='ltr'><strong>concubinarii</strong></span> <span class='ocrx_word' id='word_1_14' title='bbox 474 704 534 748; x_wconf 89' lang='lat' dir='ltr'><strong>eas</strong></span> <span class='ocrx_word' id='word_1_15' title='bbox 564 686 718 749; x_wconf 83' lang='lat' dir='ltr'><strong>detinent</strong></span> <span class='ocrx_word' id='word_1_16' title='bbox 743 686 780 748; x_wconf 90' lang='lat' dir='ltr'><strong>in</strong></span> <span class='ocrx_word' id='word_1_17' title='bbox 809 685 966 749; x_wconf 87' lang='lat' dir='ltr'>domibus</span> <span class='ocrx_word' id='word_1_18' title='bbox 996 687 1068 750; x_wconf 90' lang='lat' dir='ltr'><strong>suis</strong></span> 
     </span>
     <span class='ocr_line' id='line_1_4' title="bbox 119 780 1068 866; baseline 0.003 -21"><span class='ocrx_word' id='word_1_19' title='bbox 119 780 174 845; x_wconf 87' lang='lat' dir='ltr'><strong>vel</strong></span> <span class='ocrx_word' id='word_1_20' title='bbox 196 783 334 864; x_wconf 89' lang='lat' dir='ltr'><strong>publice</strong></span> <span class='ocrx_word' id='word_1_21' title='bbox 359 789 461 846; x_wconf 90' lang='lat' dir='ltr'><strong>extra</strong></span> <span class='ocrx_word' id='word_1_22' title='bbox 489 783 621 846; x_wconf 89' lang='lat' dir='ltr'><strong>domos.</strong></span> <span class='ocrx_word' id='word_1_23' title='bbox 675 783 774 860; x_wconf 87' lang='lat' dir='ltr'><strong>Item,</strong></span> <span class='ocrx_word' id='word_1_24' title='bbox 800 786 830 846; x_wconf 88' lang='lat' dir='ltr'><strong>si</strong></span> <span class='ocrx_word' id='word_1_25' title='bbox 860 787 1068 866; x_wconf 79' lang='lat' dir='ltr'><strong>pepererint,</strong></span> 
     </span>
     <span class='ocr_line' id='line_1_5' title="bbox 119 880 1064 963; baseline 0.004 -21"><span class='ocrx_word' id='word_1_26' title='bbox 119 899 188 943; x_wconf 92' lang='lat' dir='ltr'><strong>non</strong></span> <span class='ocrx_word' id='word_1_27' title='bbox 215 880 453 961; x_wconf 87' lang='lat' dir='ltr'><strong>purificentur,</strong></span> <span class='ocrx_word' id='word_1_28' title='bbox 480 882 546 943; x_wconf 89' lang='lat' dir='ltr'><strong>nisi</strong></span> <span class='ocrx_word' id='word_1_29' title='bbox 569 881 664 962; x_wconf 88' lang='lat' dir='ltr'><strong>prius</strong></span> <span class='ocrx_word' id='word_1_30' title='bbox 687 880 912 946; x_wconf 90' lang='lat' dir='ltr'><strong>sufficientem</strong></span> <span class='ocrx_word' id='word_1_31' title='bbox 936 885 1064 963; x_wconf 82' lang='lat' dir='ltr'><strong>praesti·</strong></span> 
     </span>
     <span class='ocr_line' id='line_1_6' title="bbox 120 978 1068 1062; baseline 0.004 -22"><span class='ocrx_word' id='word_1_32' title='bbox 120 979 226 1041; x_wconf 88' lang='lat' dir='ltr'><strong>terint</strong></span> <span class='ocrx_word' id='word_1_33' title='bbox 247 980 442 1042; x_wconf 79' lang='lat' dir='ltr'><strong>cautionem</strong></span> <span class='ocrx_word' id='word_1_34' title='bbox 465 978 721 1055; x_wconf 85' lang='lat' dir='ltr'><strong>archidiacono,</strong></span> <span class='ocrx_word' id='word_1_35' title='bbox 744 979 799 1043; x_wconf 90' lang='lat' dir='ltr'><strong>vel</strong></span> <span class='ocrx_word' id='word_1_36' title='bbox 822 980 897 1062; x_wconf 91' lang='lat' dir='ltr'><strong>ejus</strong></span> <span class='ocrx_word' id='word_1_37' title='bbox 919 979 1068 1057; x_wconf 88' lang='lat' dir='ltr'><strong>officiali,</strong></span> 
     </span>
     <span class='ocr_line' id='line_1_7' title="bbox 118 1076 1068 1160; baseline 0.003 -22"><span class='ocrx_word' id='word_1_38' title='bbox 118 1076 161 1138; x_wconf 88' lang='lat' dir='ltr'><strong>de</strong></span> <span class='ocrx_word' id='word_1_39' title='bbox 188 1076 425 1141; x_wconf 83' lang='lat' dir='ltr'><strong>satisfactione</strong></span> <span class='ocrx_word' id='word_1_40' title='bbox 451 1078 487 1140; x_wconf 91' lang='lat' dir='ltr'><strong>iu</strong></span> <span class='ocrx_word' id='word_1_41' title='bbox 512 1079 670 1158; x_wconf 87' lang='lat' dir='ltr'><strong>proximo</strong></span> <span class='ocrx_word' id='word_1_42' title='bbox 699 1078 852 1159; x_wconf 90' lang='lat' dir='ltr'><strong>capitulo</strong></span> <span class='ocrx_word' id='word_1_43' title='bbox 875 1085 955 1160; x_wconf 92' lang='lat' dir='ltr'><strong>post</strong></span> <span class='ocrx_word' id='word_1_44' title='bbox 974 1079 1068 1160; x_wconf 90' lang='lat' dir='ltr'><strong>puri-</strong></span> 
     </span>
     <span class='ocr_line' id='line_1_8' title="bbox 120 1174 1069 1254; baseline 0.004 -18"><span class='ocrx_word' id='word_1_45' title='bbox 120 1174 314 1238; x_wconf 88' lang='lat' dir='ltr'><strong>ficationem</strong></span> <span class='ocrx_word' id='word_1_46' title='bbox 347 1194 464 1238; x_wconf 89' lang='lat' dir='ltr'><strong>earum</strong></span> <span class='ocrx_word' id='word_1_47' title='bbox 493 1174 658 1238; x_wconf 82' lang='lat' dir='ltr'><strong>facienda.</strong></span> <span class='ocrx_word' id='word_1_48' title='bbox 727 1176 829 1251; x_wconf 87' lang='lat' dir='ltr'><strong>Item,</strong></span> <span class='ocrx_word' id='word_1_49' title='bbox 860 1177 1069 1254; x_wconf 88' lang='lat' dir='ltr'><strong>sacerdotes,</strong></span> 
     </span>
     <span class='ocr_line' id='line_1_9' title="bbox 119 1272 1067 1354; baseline 0.002 -18"><span class='ocrx_word' id='word_1_50' title='bbox 119 1272 323 1353; x_wconf 89' lang='lat' dir='ltr'><strong>inquorum</strong></span> <span class='ocrx_word' id='word_1_51' title='bbox 349 1273 521 1354; x_wconf 89' lang='lat' dir='ltr'><strong>parochiis</strong></span> <span class='ocrx_word' id='word_1_52' title='bbox 549 1275 747 1337; x_wconf 80' lang='lat' dir='ltr'><strong>concubinae</strong></span> <span class='ocrx_word' id='word_1_53' title='bbox 772 1274 892 1337; x_wconf 91' lang='lat' dir='ltr'><strong>talium</strong></span> <span class='ocrx_word' id='word_1_54' title='bbox 917 1294 1067 1338; x_wconf 92' lang='lat' dir='ltr'><strong>commo·</strong></span> 
     </span>
     <span class='ocr_line' id='line_1_10' title="bbox 121 1371 1067 1449; baseline 0.003 -17"><span class='ocrx_word' id='word_1_55' title='bbox 121 1379 251 1444; x_wconf 89' lang='lat' dir='ltr'><strong>rantur,</strong></span> <span class='ocrx_word' id='word_1_56' title='bbox 276 1371 307 1433; x_wconf 89' lang='lat' dir='ltr'><strong>si</strong></span> <span class='ocrx_word' id='word_1_57' title='bbox 330 1391 399 1435; x_wconf 92' lang='lat' dir='ltr'><strong>non</strong></span> <span class='ocrx_word' id='word_1_58' title='bbox 422 1371 487 1434; x_wconf 92' lang='lat' dir='ltr'><strong>hoc</strong></span> <span class='ocrx_word' id='word_1_59' title='bbox 508 1371 720 1435; x_wconf 83' lang='lat' dir='ltr'><strong>ostenderint</strong></span> <span class='ocrx_word' id='word_1_60' title='bbox 742 1372 996 1449; x_wconf 89' lang='lat' dir='ltr'><strong>archidiacono,</strong></span> <span class='ocrx_word' id='word_1_61' title='bbox 1013 1374 1067 1436; x_wconf 88' lang='lat' dir='ltr'><strong>vel</strong></span> 
     </span>
     <span class='ocr_line' id='line_1_11' title="bbox 121 1467 1067 1553; baseline 0.002 -21"><span class='ocrx_word' id='word_1_62' title='bbox 121 1469 197 1552; x_wconf 89' lang='lat' dir='ltr'><strong>ejus</strong></span> <span class='ocrx_word' id='word_1_63' title='bbox 215 1467 363 1546; x_wconf 90' lang='lat' dir='ltr'><strong>officiali,</strong></span> <span class='ocrx_word' id='word_1_64' title='bbox 381 1468 655 1551; x_wconf 90' lang='lat' dir='ltr'><strong>suspendantur;</strong></span> <span class='ocrx_word' id='word_1_65' title='bbox 675 1479 721 1546; x_wconf 87' lang='lat' dir='ltr'><strong>et,</strong></span> <span class='ocrx_word' id='word_1_66' title='bbox 740 1471 939 1553; x_wconf 90' lang='lat' dir='ltr'><strong>priusquam</strong></span> <span class='ocrx_word' id='word_1_67' title='bbox 955 1471 1067 1534; x_wconf 86' lang='lat' dir='ltr'><strong>relax·</strong></span> 
     </span>
     <span class='ocr_line' id='line_1_12' title="bbox 121 1566 1068 1651; baseline 0.002 -21"><span class='ocrx_word' id='word_1_68' title='bbox 121 1576 234 1643; x_wconf 86' lang='lat' dir='ltr'><strong>entur,</strong></span> <span class='ocrx_word' id='word_1_69' title='bbox 252 1569 352 1648; x_wconf 81' lang='lat' dir='ltr'><strong>gravi</strong></span> <span class='ocrx_word' id='word_1_70' title='bbox 370 1566 584 1650; x_wconf 87' lang='lat' dir='ltr'><strong>poenitentiae</strong></span> <span class='ocrx_word' id='word_1_71' title='bbox 601 1569 816 1651; x_wconf 90' lang='lat' dir='ltr'><strong>subjaceant.</strong></span> <span class='ocrx_word' id='word_1_72' title='bbox 871 1570 972 1646; x_wconf 84' lang='lat' dir='ltr'><strong>ltem,</strong></span> <span class='ocrx_word' id='word_1_73' title='bbox 989 1589 1068 1651; x_wconf 83' lang='lat' dir='ltr'><strong>quae</strong></span> 
     </span>
     <span class='ocr_line' id='line_1_13' title="bbox 120 1665 1069 1748; baseline 0.002 -20"><span class='ocrx_word' id='word_1_74' title='bbox 120 1665 278 1728; x_wconf 86' lang='lat' dir='ltr'><strong>convinci</strong></span> <span class='ocrx_word' id='word_1_75' title='bbox 307 1667 448 1747; x_wconf 88' lang='lat' dir='ltr'><strong>poterit,</strong></span> <span class='ocrx_word' id='word_1_76' title='bbox 474 1666 567 1748; x_wconf 91' lang='lat' dir='ltr'><strong>quod</strong></span> <span class='ocrx_word' id='word_1_77' title='bbox 595 1667 754 1730; x_wconf 81' lang='lat' dir='ltr'><strong>sacerdos</strong></span> <span class='ocrx_word' id='word_1_78' title='bbox 783 1687 858 1730; x_wconf 87' lang='lat' dir='ltr'><strong>eam</strong></span> <span class='ocrx_word' id='word_1_79' title='bbox 885 1669 1069 1732; x_wconf 82' lang='lat' dir='ltr'><strong>carnaliter</strong></span> 
     </span>
     <span class='ocr_line' id='line_1_14' title="bbox 120 1764 1068 1846; baseline 0.004 -21"><span class='ocrx_word' id='word_1_80' title='bbox 120 1764 335 1843; x_wconf 82' lang='lat' dir='ltr'><strong>cognoverit,</strong></span> <span class='ocrx_word' id='word_1_81' title='bbox 366 1765 539 1846; x_wconf 89' lang='lat' dir='ltr'><strong>publicam</strong></span> <span class='ocrx_word' id='word_1_82' title='bbox 572 1772 656 1844; x_wconf 82' lang='lat' dir='ltr'><strong>agat</strong></span> <span class='ocrx_word' id='word_1_83' title='bbox 681 1765 919 1846; x_wconf 83' lang='lat' dir='ltr'><strong>poenitentiam</strong></span> <span class='ocrx_word' id='word_1_84' title='bbox 951 1774 987 1829; x_wconf 90' lang='lat' dir='ltr'><strong>et</strong></span> <span class='ocrx_word' id='word_1_85' title='bbox 1012 1785 1068 1828; x_wconf 90' lang='lat' dir='ltr'><strong>so·</strong></span> 
     </span>
     <span class='ocr_line' id='line_1_15' title="bbox 120 1860 1066 1938; baseline 0.003 -15"><span class='ocrx_word' id='word_1_86' title='bbox 120 1860 268 1937; x_wconf 88' lang='lat' dir='ltr'><strong>lennem,</strong></span> <span class='ocrx_word' id='word_1_87' title='bbox 291 1880 332 1924; x_wconf 90' lang='lat' dir='ltr'><strong>ac</strong></span> <span class='ocrx_word' id='word_1_88' title='bbox 353 1864 383 1925; x_wconf 93' lang='lat' dir='ltr'><strong>si</strong></span> <span class='ocrx_word' id='word_1_89' title='bbox 403 1862 445 1925; x_wconf 90' lang='lat' dir='ltr'><strong>de</strong></span> <span class='ocrx_word' id='word_1_90' title='bbox 470 1862 641 1926; x_wconf 85' lang='lat' dir='ltr'><strong>adulterio</strong></span> <span class='ocrx_word' id='word_1_91' title='bbox 661 1870 753 1926; x_wconf 87' lang='lat' dir='ltr'><strong>esset</strong></span> <span class='ocrx_word' id='word_1_92' title='bbox 769 1864 939 1938; x_wconf 89' lang='lat' dir='ltr'><strong>convicta,</strong></span> <span class='ocrx_word' id='word_1_93' title='bbox 963 1864 1066 1926; x_wconf 90' lang='lat' dir='ltr'><strong>etiam</strong></span> 
     </span>
     <span class='ocr_line' id='line_1_16' title="bbox 119 1960 1066 2041; baseline 0.002 -20"><span class='ocrx_word' id='word_1_94' title='bbox 119 1960 148 2021; x_wconf 92' lang='lat' dir='ltr'><strong>si</strong></span> <span class='ocrx_word' id='word_1_95' title='bbox 171 1960 288 2023; x_wconf 90' lang='lat' dir='ltr'><strong>soluta</strong></span> <span class='ocrx_word' id='word_1_96' title='bbox 311 1960 438 2036; x_wconf 82' lang='lat' dir='ltr'><strong>fuerit;</strong></span> <span class='ocrx_word' id='word_1_97' title='bbox 475 1962 504 2024; x_wconf 90' lang='lat' dir='ltr'><strong>si</strong></span> <span class='ocrx_word' id='word_1_98' title='bbox 528 1979 609 2024; x_wconf 89' lang='lat' dir='ltr'><strong>vero</strong></span> <span class='ocrx_word' id='word_1_99' title='bbox 637 1960 846 2041; x_wconf 85' lang='lat' dir='ltr'><strong>desponsata</strong></span> <span class='ocrx_word' id='word_1_100' title='bbox 869 1980 974 2041; x_wconf 89' lang='lat' dir='ltr'><strong>super</strong></span> <span class='ocrx_word' id='word_1_101' title='bbox 995 1981 1066 2024; x_wconf 91' lang='lat' dir='ltr'><strong>rem</strong></span> 
     </span>
     <span class='ocr_line' id='line_1_17' title="bbox 120 2057 1067 2140; baseline 0.003 -21"><span class='ocrx_word' id='word_1_102' title='bbox 120 2057 355 2140; x_wconf 89' lang='lat' dir='ltr'><strong>hujuscemodi</strong></span> <span class='ocrx_word' id='word_1_103' title='bbox 371 2058 475 2123; x_wconf 85' lang='lat' dir='ltr'><strong>suerit</strong></span> <span class='ocrx_word' id='word_1_104' title='bbox 491 2058 661 2136; x_wconf 83' lang='lat' dir='ltr'><strong>convicta,</strong></span> <span class='ocrx_word' id='word_1_105' title='bbox 676 2067 841 2140; x_wconf 89' lang='lat' dir='ltr'><strong>tauquam</strong></span> <span class='ocrx_word' id='word_1_106' title='bbox 860 2078 922 2140; x_wconf 86' lang='lat' dir='ltr'><strong>pro</strong></span> <span class='ocrx_word' id='word_1_107' title='bbox 939 2058 1067 2139; x_wconf 91' lang='lat' dir='ltr'><strong>duplici</strong></span> 
     </span>
     <span class='ocr_line' id='line_1_18' title="bbox 120 2156 1068 2239; baseline 0 -20"><span class='ocrx_word' id='word_1_108' title='bbox 120 2156 290 2220; x_wconf 87' lang='lat' dir='ltr'><strong>adulterio</strong></span> <span class='ocrx_word' id='word_1_109' title='bbox 304 2158 481 2238; x_wconf 89' lang='lat' dir='ltr'><strong>puniatur,</strong></span> <span class='ocrx_word' id='word_1_110' title='bbox 498 2157 641 2221; x_wconf 86' lang='lat' dir='ltr'><strong>uetanti</strong></span> <span class='ocrx_word' id='word_1_111' title='bbox 657 2166 773 2221; x_wconf 90' lang='lat' dir='ltr'><strong>reatus</strong></span> <span class='ocrx_word' id='word_1_112' title='bbox 790 2157 977 2239; x_wconf 89' lang='lat' dir='ltr'><strong>impunitas</strong></span> <span class='ocrx_word' id='word_1_113' title='bbox 990 2158 1068 2221; x_wconf 90' lang='lat' dir='ltr'><strong>aliis</strong></span> 
     </span>
     <span class='ocr_line' id='line_1_19' title="bbox 120 2255 774 2338; baseline 0.005 -22"><span class='ocrx_word' id='word_1_114' title='bbox 120 2261 275 2318; x_wconf 86' lang='lat' dir='ltr'><strong>transeat</strong></span> <span class='ocrx_word' id='word_1_115' title='bbox 292 2255 326 2317; x_wconf 93' lang='lat' dir='ltr'><strong>in</strong></span> <span class='ocrx_word' id='word_1_116' title='bbox 343 2256 523 2319; x_wconf 88' lang='lat' dir='ltr'><strong>materiam</strong></span> <span class='ocrx_word' id='word_1_117' title='bbox 541 2255 774 2338; x_wconf 85' lang='lat' dir='ltr'><strong>delinquendi.</strong></span> 
     </span>
    </p>
   </div>
   <div class='ocr_carea' id='block_1_3' title="bbox 139 2425 1053 2514">
    <p class='ocr_par' dir='ltr' id='par_1_3' title="bbox 139 2425 1053 2514">
     <span class='ocr_line' id='line_1_20' title="bbox 139 2425 1053 2514; baseline 0 -23"><span class='ocrx_word' id='word_1_118' title='bbox 139 2427 181 2492; x_wconf 82' lang='lat' dir='ltr'><strong>Ut</strong></span> <span class='ocrx_word' id='word_1_119' title='bbox 192 2448 287 2491; x_wconf 78' lang='lat' dir='ltr'><strong>comos</strong></span> <span class='ocrx_word' id='word_1_120' title='bbox 303 2425 540 2492; x_wconf 76' lang='lat' dir='ltr'><strong>Soreebirionsis</strong></span> <span class='ocrx_word' id='word_1_121' title='bbox 556 2450 577 2490; x_wconf 84' lang='lat' dir='ltr'><strong>u</strong></span> <span class='ocrx_word' id='word_1_122' title='bbox 595 2429 880 2514; x_wconf 76' lang='lat' dir='ltr'><strong>naufrapiofuerit</strong></span> <span class='ocrx_word' id='word_1_123' title='bbox 895 2426 1053 2493; x_wconf 80' lang='lat' dir='ltr'><strong>liberatus.</strong></span> 
     </span>
    </p>
   </div>
   <div class='ocr_carea' id='block_1_4' title="bbox 120 2549 1211 3616">
    <p class='ocr_par' dir='ltr' id='par_1_4' title="bbox 120 2549 1211 3616">
     <span class='ocr_line' id='line_1_21' title="bbox 173 2549 1211 2657; baseline -0.004 -46"><span class='ocrx_word' id='word_1_124' title='bbox 173 2549 242 2614; x_wconf 87' lang='lat' dir='ltr'><strong>Per</strong></span> <span class='ocrx_word' id='word_1_125' title='bbox 263 2550 354 2613; x_wconf 86' lang='lat' dir='ltr'><strong>idem</strong></span> <span class='ocrx_word' id='word_1_126' title='bbox 375 2559 512 2633; x_wconf 88' lang='lat' dir='ltr'><strong>tempus</strong></span> <span class='ocrx_word' id='word_1_127' title='bbox 534 2551 730 2615; x_wconf 90' lang='lat' dir='ltr'><strong>Willelmus</strong></span> <span class='ocrx_word' id='word_1_128' title='bbox 753 2573 866 2616; x_wconf 90' lang='lat' dir='ltr'><strong>comes</strong></span> <span class='ocrx_word' id='word_1_129' title='bbox 886 2553 1069 2616; x_wconf 88' lang='lat' dir='ltr'><strong>Saresbiri-</strong></span> <span class='ocrx_word' id='word_1_130' title='bbox 1081 2569 1211 2657; x_wconf 54' lang='grc' dir='ltr'>ιιῗζιιιοι</span> 
     </span>
     <span class='ocr_line' id='line_1_22' title="bbox 121 2620 1188 2731; baseline 0 -19"><span class='ocrx_word' id='word_1_131' title='bbox 121 2649 225 2725; x_wconf 90' lang='lat' dir='ltr'><strong>ensis,</strong></span> <span class='ocrx_word' id='word_1_132' title='bbox 248 2650 308 2731; x_wconf 91' lang='lat' dir='ltr'><strong>qui</strong></span> <span class='ocrx_word' id='word_1_133' title='bbox 334 2668 413 2712; x_wconf 90' lang='lat' dir='ltr'><strong>cum</strong></span> <span class='ocrx_word' id='word_1_134' title='bbox 442 2651 567 2713; x_wconf 90' lang='lat' dir='ltr'><strong>comite</strong></span> <span class='ocrx_word' id='word_1_135' title='bbox 596 2650 771 2714; x_wconf 88' lang='lat' dir='ltr'><strong>Richardo</strong></span> <span class='ocrx_word' id='word_1_136' title='bbox 801 2651 1011 2714; x_wconf 89' lang='lat' dir='ltr'><strong>militaverat</strong></span> <span class='ocrx_word' id='word_1_137' title='bbox 1032 2620 1188 2713; x_wconf 55' lang='lat' dir='ltr'><strong>inffll&#39;,</strong></span> 
     </span>
     <span class='ocr_line' id='line_1_23' title="bbox 120 2749 1069 2830; baseline 0.001 -20"><span class='ocrx_word' id='word_1_138' title='bbox 120 2749 278 2829; x_wconf 90' lang='lat' dir='ltr'><strong>partibus</strong></span> <span class='ocrx_word' id='word_1_139' title='bbox 310 2749 560 2825; x_wconf 89' lang='lat' dir='ltr'><strong>transmarinis,</strong></span> <span class='ocrx_word' id='word_1_140' title='bbox 592 2749 634 2811; x_wconf 89' lang='lat' dir='ltr'><strong>ad</strong></span> <span class='ocrx_word' id='word_1_141' title='bbox 669 2749 830 2830; x_wconf 86' lang='lat' dir='ltr'><strong>Angliam</strong></span> <span class='ocrx_word' id='word_1_142' title='bbox 862 2749 1069 2811; x_wconf 88' lang='lat' dir='ltr'><strong>transiturus</strong></span> 
     </span>
     <span class='ocr_line' id='line_1_24' title="bbox 122 2839 1069 2927; baseline 0.001 -19"><span class='ocrx_word' id='word_1_143' title='bbox 122 2865 229 2909; x_wconf 88' lang='lat' dir='ltr'><strong>naves</strong></span> <span class='ocrx_word' id='word_1_144' title='bbox 251 2845 416 2925; x_wconf 79' lang='lat' dir='ltr'><strong>intravit3</strong></span> <span class='ocrx_word' id='word_1_145' title='bbox 448 2839 526 2909; x_wconf 89' lang='lat' dir='ltr'><strong>¹sed</strong></span> <span class='ocrx_word' id='word_1_146' title='bbox 554 2866 629 2910; x_wconf 90' lang='lat' dir='ltr'><strong>cum</strong></span> <span class='ocrx_word' id='word_1_147' title='bbox 654 2847 758 2927; x_wconf 83' lang='lat' dir='ltr'><strong>longo</strong></span> <span class='ocrx_word' id='word_1_148' title='bbox 781 2847 886 2909; x_wconf 89' lang='lat' dir='ltr'><strong>maris</strong></span> <span class='ocrx_word' id='word_1_149' title='bbox 917 2845 1069 2926; x_wconf 91' lang='lat' dir='ltr'><strong>periculo</strong></span> 
     </span>
     <span class='ocr_line' id='line_1_25' title="bbox 121 2945 1070 3027; baseline 0.002 -21"><span class='ocrx_word' id='word_1_150' title='bbox 121 2953 156 3007; x_wconf 86' lang='lat' dir='ltr'><strong>et</strong></span> <span class='ocrx_word' id='word_1_151' title='bbox 189 2951 369 3008; x_wconf 85' lang='lat' dir='ltr'><strong>ventorum</strong></span> <span class='ocrx_word' id='word_1_152' title='bbox 402 2945 594 3008; x_wconf 91' lang='lat' dir='ltr'><strong>turbinibus</strong></span> <span class='ocrx_word' id='word_1_153' title='bbox 629 2964 690 3027; x_wconf 90' lang='lat' dir='ltr'><strong>per</strong></span> <span class='ocrx_word' id='word_1_154' title='bbox 728 2945 801 3008; x_wconf 85' lang='lat' dir='ltr'><strong>dies</strong></span> <span class='ocrx_word' id='word_1_155' title='bbox 834 2945 1000 3025; x_wconf 90' lang='lat' dir='ltr'><strong>plurimos</strong></span> <span class='ocrx_word' id='word_1_156' title='bbox 1034 2951 1070 3008; x_wconf 90' lang='lat' dir='ltr'><strong>et</strong></span> 
     </span>
     <span class='ocr_line' id='line_1_26' title="bbox 122 3043 1070 3127; baseline 0.002 -23"><span class='ocrx_word' id='word_1_157' title='bbox 122 3052 241 3106; x_wconf 84' lang='lat' dir='ltr'><strong>noctes</strong></span> <span class='ocrx_word' id='word_1_158' title='bbox 264 3043 299 3104; x_wconf 91' lang='lat' dir='ltr'><strong>in</strong></span> <span class='ocrx_word' id='word_1_159' title='bbox 324 3051 442 3124; x_wconf 89' lang='lat' dir='ltr'><strong>partes</strong></span> <span class='ocrx_word' id='word_1_160' title='bbox 468 3043 622 3106; x_wconf 85' lang='lat' dir='ltr'><strong>diversas</strong></span> <span class='ocrx_word' id='word_1_161' title='bbox 650 3043 855 3127; x_wconf 89' lang='lat' dir='ltr'><strong>jactaretur,</strong></span> <span class='ocrx_word' id='word_1_162' title='bbox 880 3063 958 3106; x_wconf 90' lang='lat' dir='ltr'><strong>cum</strong></span> <span class='ocrx_word' id='word_1_163' title='bbox 985 3043 1070 3123; x_wconf 90' lang='lat' dir='ltr'><strong>ipsis</strong></span> 
     </span>
     <span class='ocr_line' id='line_1_27' title="bbox 123 3140 1070 3222; baseline 0.003 -20"><span class='ocrx_word' id='word_1_164' title='bbox 123 3141 238 3203; x_wconf 90' lang='lat' dir='ltr'><strong>nautis</strong></span> <span class='ocrx_word' id='word_1_165' title='bbox 267 3151 303 3205; x_wconf 87' lang='lat' dir='ltr'><strong>et</strong></span> <span class='ocrx_word' id='word_1_166' title='bbox 329 3140 407 3203; x_wconf 90' lang='lat' dir='ltr'><strong>aliis</strong></span> <span class='ocrx_word' id='word_1_167' title='bbox 436 3141 607 3218; x_wconf 91' lang='lat' dir='ltr'><strong>omnibus,</strong></span> <span class='ocrx_word' id='word_1_168' title='bbox 629 3142 689 3222; x_wconf 91' lang='lat' dir='ltr'><strong>qui</strong></span> <span class='ocrx_word' id='word_1_169' title='bbox 719 3143 754 3205; x_wconf 94' lang='lat' dir='ltr'><strong>in</strong></span> <span class='ocrx_word' id='word_1_170' title='bbox 785 3143 866 3205; x_wconf 88' lang='lat' dir='ltr'><strong>navi</strong></span> <span class='ocrx_word' id='word_1_171' title='bbox 894 3150 1004 3219; x_wconf 88' lang='lat' dir='ltr'><strong>erant,</strong></span> <span class='ocrx_word' id='word_1_172' title='bbox 1027 3142 1070 3206; x_wconf 87' lang='lat' dir='ltr'><strong>do</strong></span> 
     </span>
     <span class='ocr_line' id='line_1_28' title="bbox 122 3238 1068 3323; baseline 0.002 -21"><span class='ocrx_word' id='word_1_173' title='bbox 122 3239 197 3302; x_wconf 80' lang='lat' dir='ltr'><strong>vita</strong></span> <span class='ocrx_word' id='word_1_174' title='bbox 218 3238 433 3321; x_wconf 87' lang='lat' dir='ltr'><strong>desperatus,</strong></span> <span class='ocrx_word' id='word_1_175' title='bbox 460 3241 607 3303; x_wconf 86' lang='lat' dir='ltr'><strong>annulos</strong></span> <span class='ocrx_word' id='word_1_176' title='bbox 633 3242 803 3323; x_wconf 86' lang='lat' dir='ltr'><strong>pretiosos</strong></span> <span class='ocrx_word' id='word_1_177' title='bbox 831 3247 866 3304; x_wconf 89' lang='lat' dir='ltr'><strong>et</strong></span> <span class='ocrx_word' id='word_1_178' title='bbox 895 3261 1068 3323; x_wconf 70' lang='lat' dir='ltr'><strong>quaecum·</strong></span> 
     </span>
     <span class='ocr_line' id='line_1_29' title="bbox 122 3338 1070 3421; baseline 0.002 -21"><span class='ocrx_word' id='word_1_179' title='bbox 122 3356 191 3419; x_wconf 89' lang='lat' dir='ltr'><strong>que</strong></span> <span class='ocrx_word' id='word_1_180' title='bbox 216 3338 253 3399; x_wconf 92' lang='lat' dir='ltr'><strong>in</strong></span> <span class='ocrx_word' id='word_1_181' title='bbox 279 3357 364 3401; x_wconf 90' lang='lat' dir='ltr'><strong>auro</strong></span> <span class='ocrx_word' id='word_1_182' title='bbox 388 3339 443 3402; x_wconf 88' lang='lat' dir='ltr'><strong>vel</strong></span> <span class='ocrx_word' id='word_1_183' title='bbox 471 3347 617 3420; x_wconf 80' lang='lat' dir='ltr'><strong>argento</strong></span> <span class='ocrx_word' id='word_1_184' title='bbox 646 3347 707 3402; x_wconf 90' lang='lat' dir='ltr'><strong>aut</strong></span> <span class='ocrx_word' id='word_1_185' title='bbox 729 3340 890 3421; x_wconf 87' lang='lat' dir='ltr'><strong>pretiosis</strong></span> <span class='ocrx_word' id='word_1_186' title='bbox 916 3342 1070 3403; x_wconf 90' lang='lat' dir='ltr'><strong>vestibus</strong></span> 
     </span>
     <span class='ocr_line' id='line_1_30' title="bbox 122 3434 1071 3518; baseline 0.005 -21"><span class='ocrx_word' id='word_1_187' title='bbox 122 3434 321 3516; x_wconf 88' lang='lat' dir='ltr'><strong>possidebat</strong></span> <span class='ocrx_word' id='word_1_188' title='bbox 351 3436 513 3499; x_wconf 89' lang='lat' dir='ltr'><strong>fluctibus</strong></span> <span class='ocrx_word' id='word_1_189' title='bbox 543 3438 659 3518; x_wconf 76' lang='lat' dir='ltr'><strong>pelagi</strong></span> <span class='ocrx_word' id='word_1_190' title='bbox 686 3437 869 3514; x_wconf 90' lang='lat' dir='ltr'><strong>commisit,</strong></span> <span class='ocrx_word' id='word_1_191' title='bbox 900 3446 952 3514; x_wconf 91' lang='lat' dir='ltr'><strong>ut,</strong></span> <span class='ocrx_word' id='word_1_192' title='bbox 981 3440 1071 3502; x_wconf 88' lang='lat' dir='ltr'><strong>sicut</strong></span> 
     </span>
     <span class='ocr_line' id='line_1_31' title="bbox 122 3533 1072 3616; baseline 0.003 -20"><span class='ocrx_word' id='word_1_193' title='bbox 122 3533 164 3596; x_wconf 93' lang='lat' dir='ltr'><strong>ad</strong></span> <span class='ocrx_word' id='word_1_194' title='bbox 185 3534 292 3597; x_wconf 89' lang='lat' dir='ltr'><strong>vitam</strong></span> <span class='ocrx_word' id='word_1_195' title='bbox 312 3533 424 3597; x_wconf 88' lang='lat' dir='ltr'><strong>nudus</strong></span> <span class='ocrx_word' id='word_1_196' title='bbox 443 3536 586 3599; x_wconf 90' lang='lat' dir='ltr'><strong>intravit</strong></span> <span class='ocrx_word' id='word_1_197' title='bbox 602 3536 837 3616; x_wconf 88' lang='lat' dir='ltr'><strong>temporalem,</strong></span> <span class='ocrx_word' id='word_1_198' title='bbox 854 3538 905 3598; x_wconf 91' lang='lat' dir='ltr'><strong>ita</strong></span> <span class='ocrx_word' id='word_1_199' title='bbox 921 3538 965 3599; x_wconf 91' lang='lat' dir='ltr'><strong>ab</strong></span> <span class='ocrx_word' id='word_1_200' title='bbox 979 3538 1072 3599; x_wconf 93' lang='lat' dir='ltr'><strong>omni</strong></span> 
     </span>
    </p>
   </div>
   <div class='ocr_carea' id='block_1_5' title="bbox 121 3631 1072 3715">
    <p class='ocr_par' dir='ltr' id='par_1_5' title="bbox 121 3631 1072 3715">
     <span class='ocr_line' id='line_1_32' title="bbox 121 3631 1072 3715; baseline 0.004 -22"><span class='ocrx_word' id='word_1_201' title='bbox 121 3631 251 3694; x_wconf 88' lang='lat' dir='ltr'><strong>honore</strong></span> <span class='ocrx_word' id='word_1_202' title='bbox 286 3640 421 3695; x_wconf 87' lang='lat' dir='ltr'><strong>terreno</strong></span> <span class='ocrx_word' id='word_1_203' title='bbox 454 3634 622 3715; x_wconf 88' lang='lat' dir='ltr'><strong>spoliatus</strong></span> <span class='ocrx_word' id='word_1_204' title='bbox 653 3633 696 3695; x_wconf 87' lang='lat' dir='ltr'><strong>ad</strong></span> <span class='ocrx_word' id='word_1_205' title='bbox 728 3634 876 3714; x_wconf 85' lang='lat' dir='ltr'><strong>patriam</strong></span> <span class='ocrx_word' id='word_1_206' title='bbox 909 3633 1072 3697; x_wconf 84' lang='lat' dir='ltr'><strong>transiret</strong></span> 
     </span>
    </p>
   </div>
   <div class='ocr_carea' id='block_1_6' title="bbox 121 3808 1071 4205">
    <p class='ocr_par' dir='ltr' id='par_1_6' title="bbox 121 3808 1071 4205">
     <span class='ocr_line' id='line_1_33' title="bbox 159 3808 1071 3872; baseline 0.003 -15"><span class='ocrx_word' id='word_1_207' title='bbox 159 3809 165 3839; x_wconf 89' lang='lat'>¹</span> <span class='ocrx_word' id='word_1_208' title='bbox 179 3808 250 3872; x_wconf 76' lang='lat' dir='ltr'><strong>Sed]</strong></span> <span class='ocrx_word' id='word_1_209' title='bbox 268 3808 362 3858; x_wconf 78' lang='lat' dir='ltr'><strong>chron.</strong></span> <span class='ocrx_word' id='word_1_210' title='bbox 374 3809 469 3860; x_wconf 84' lang='lat' dir='ltr'><strong>Dumt.</strong></span> <span class='ocrx_word' id='word_1_211' title='bbox 481 3825 506 3871; x_wconf 91' lang='lat' dir='ltr'><strong>p.</strong></span> <span class='ocrx_word' id='word_1_212' title='bbox 520 3814 582 3870; x_wconf 79' lang='lat'>1613</span> <span class='ocrx_word' id='word_1_213' title='bbox 608 3810 725 3860; x_wconf 81' lang='lat' dir='ltr'><strong>mandere</strong></span> <span class='ocrx_word' id='word_1_214' title='bbox 741 3811 835 3859; x_wconf 80' lang='lat' dir='ltr'><strong>offered</strong></span> <span class='ocrx_word' id='word_1_215' title='bbox 854 3809 905 3858; x_wconf 90' lang='lat' dir='ltr'><strong>him</strong></span> <span class='ocrx_word' id='word_1_216' title='bbox 920 3813 968 3857; x_wconf 71' lang='lat'><strong>2⁰⁰</strong></span> <span class='ocrx_word' id='word_1_217' title='bbox 984 3809 1071 3860; x_wconf 82' lang='lat' dir='ltr'><strong>marks</strong></span> 
     </span>
     <span class='ocr_line' id='line_1_34' title="bbox 122 3877 1070 3940; baseline 0.003 -15"><span class='ocrx_word' id='word_1_218' title='bbox 122 3877 207 3926; x_wconf 81' lang='lat' dir='ltr'><strong>where</strong></span> <span class='ocrx_word' id='word_1_219' title='bbox 225 3879 248 3927; x_wconf 87' lang='lat' dir='ltr'><strong>is</strong></span> <span class='ocrx_word' id='word_1_220' title='bbox 265 3878 320 3927; x_wconf 83' lang='lat' dir='ltr'><strong>also</strong></span> <span class='ocrx_word' id='word_1_221' title='bbox 330 3893 364 3927; x_wconf 85' lang='lat' dir='ltr'><strong>an</strong></span> <span class='ocrx_word' id='word_1_222' title='bbox 381 3885 489 3928; x_wconf 87' lang='lat' dir='ltr'><strong>account</strong></span> <span class='ocrx_word' id='word_1_223' title='bbox 499 3879 527 3927; x_wconf 81' lang='lat' dir='ltr'><strong>of</strong></span> <span class='ocrx_word' id='word_1_224' title='bbox 542 3880 583 3927; x_wconf 83' lang='lat' dir='ltr'><strong>the</strong></span> <span class='ocrx_word' id='word_1_225' title='bbox 609 3885 635 3928; x_wconf 93' lang='lat' dir='ltr'><strong>to</strong></span> <span class='ocrx_word' id='word_1_226' title='bbox 651 3880 725 3927; x_wconf 78' lang='lat' dir='ltr'><strong>allow</strong></span> <span class='ocrx_word' id='word_1_227' title='bbox 737 3880 804 3927; x_wconf 84' lang='lat' dir='ltr'><strong>them</strong></span> <span class='ocrx_word' id='word_1_228' title='bbox 816 3884 841 3927; x_wconf 93' lang='lat' dir='ltr'><strong>to</strong></span> <span class='ocrx_word' id='word_1_229' title='bbox 858 3879 976 3940; x_wconf 83' lang='lat' dir='ltr'><strong>proceed,</strong></span> <span class='ocrx_word' id='word_1_230' title='bbox 986 3878 1070 3928; x_wconf 82' lang='lat' dir='ltr'><strong>which</strong></span> 
     </span>
     <span class='ocr_line' id='line_1_35' title="bbox 121 3946 1071 4010; baseline 0.001 -15"><span class='ocrx_word' id='word_1_231' title='bbox 121 3946 276 4009; x_wconf 81' lang='lat' dir='ltr'><strong>deet‚which</strong></span> <span class='ocrx_word' id='word_1_232' title='bbox 283 3947 335 3995; x_wconf 81' lang='lat' dir='ltr'><strong>had</strong></span> <span class='ocrx_word' id='word_1_233' title='bbox 340 3947 584 3996; x_wconf 81' lang='lat' dir='ltr'><strong>tukenouttreusure</strong></span> <span class='ocrx_word' id='word_1_234' title='bbox 609 3962 664 3996; x_wconf 85' lang='lat' dir='ltr'><strong>was</strong></span> <span class='ocrx_word' id='word_1_235' title='bbox 671 3948 773 3997; x_wconf 68' lang='lat' dir='ltr'><strong>minsed</strong></span> <span class='ocrx_word' id='word_1_236' title='bbox 783 3964 790 4007; x_wconf 75' lang='grc' dir='ltr'>ς</span> <span class='ocrx_word' id='word_1_237' title='bbox 801 3948 843 3996; x_wconf 82' lang='lat' dir='ltr'><strong>the</strong></span> <span class='ocrx_word' id='word_1_238' title='bbox 855 3947 934 4010; x_wconf 87' lang='lat' dir='ltr'><strong>wind,</strong></span> <span class='ocrx_word' id='word_1_239' title='bbox 945 3948 1071 4010; x_wconf 83' lang='lat' dir='ltr'><strong>however,</strong></span> 
     </span>
     <span class='ocr_line' id='line_1_36' title="bbox 121 4015 1071 4080; baseline 0.005 -16"><span class='ocrx_word' id='word_1_240' title='bbox 121 4020 148 4064; x_wconf 90' lang='lat' dir='ltr'><strong>to</strong></span> <span class='ocrx_word' id='word_1_241' title='bbox 158 4015 281 4076; x_wconf 80' lang='lat' dir='ltr'><strong>Richard,</strong></span> <span class='ocrx_word' id='word_1_242' title='bbox 291 4016 385 4079; x_wconf 77' lang='lat' dir='ltr'><strong>having</strong></span> <span class='ocrx_word' id='word_1_243' title='bbox 397 4018 460 4066; x_wconf 80' lang='lat' dir='ltr'><strong>been</strong></span> <span class='ocrx_word' id='word_1_244' title='bbox 477 4016 585 4079; x_wconf 79' lang='lat' dir='ltr'><strong>stopped</strong></span> <span class='ocrx_word' id='word_1_245' title='bbox 610 4016 716 4080; x_wconf 74' lang='lat' dir='ltr'><strong>shitiing</strong></span> <span class='ocrx_word' id='word_1_246' title='bbox 727 4017 863 4078; x_wconf 81' lang='lat' dir='ltr'><strong>suddenly,</strong></span> <span class='ocrx_word' id='word_1_247' title='bbox 870 4016 930 4079; x_wconf 83' lang='lat' dir='ltr'><strong>they</strong></span> <span class='ocrx_word' id='word_1_248' title='bbox 939 4022 982 4079; x_wconf 76' lang='lat' dir='ltr'><strong>got</strong></span> <span class='ocrx_word' id='word_1_249' title='bbox 991 4017 1071 4069; x_wconf 86' lang='lat' dir='ltr'><strong>under</strong></span> 
     </span>
     <span class='ocr_line' id='line_1_37' title="bbox 121 4085 889 4149; baseline 0.004 -17"><span class='ocrx_word' id='word_1_250' title='bbox 121 4085 147 4133; x_wconf 87' lang='lat' dir='ltr'><strong>iu</strong></span> <span class='ocrx_word' id='word_1_251' title='bbox 166 4085 285 4133; x_wconf 81' lang='lat' dir='ltr'><strong>llochelle</strong></span> <span class='ocrx_word' id='word_1_252' title='bbox 302 4085 377 4134; x_wconf 85' lang='lat' dir='ltr'><strong>reads</strong></span> <span class='ocrx_word' id='word_1_253' title='bbox 395 4088 427 4149; x_wconf 75' lang='lat' dir='ltr'><strong>by</strong></span> <span class='ocrx_word' id='word_1_254' title='bbox 442 4088 538 4147; x_wconf 80' lang='lat' dir='ltr'><strong>Savary</strong></span> <span class='ocrx_word' id='word_1_255' title='bbox 553 4086 586 4135; x_wconf 86' lang='lat' dir='ltr'><strong>de</strong></span> <span class='ocrx_word' id='word_1_256' title='bbox 610 4087 695 4147; x_wconf 76' lang='lat' dir='ltr'><strong>weigh</strong></span> <span class='ocrx_word' id='word_1_257' title='bbox 707 4087 756 4135; x_wconf 85' lang='lat' dir='ltr'><strong>and</strong></span> <span class='ocrx_word' id='word_1_258' title='bbox 769 4088 889 4148; x_wconf 84' lang='lat' dir='ltr'><strong>escaped.</strong></span> 
     </span>
     <span class='ocr_line' id='line_1_38' title="bbox 122 4154 587 4205; baseline 0.006 -4"><span class='ocrx_word' id='word_1_259' title='bbox 122 4154 244 4204; x_wconf 84' lang='lat' dir='ltr'><strong>hlanleou</strong></span> <span class='ocrx_word' id='word_1_260' title='bbox 255 4169 287 4203; x_wconf 90' lang='lat' dir='ltr'><strong>on</strong></span> <span class='ocrx_word' id='word_1_261' title='bbox 297 4156 330 4204; x_wconf 85' lang='lat' dir='ltr'><strong>its</strong></span> <span class='ocrx_word' id='word_1_262' title='bbox 342 4160 436 4205; x_wconf 85' lang='lat' dir='ltr'><strong>return.</strong></span> <span class='ocrx_word' id='word_1_263' title='bbox 455 4156 509 4204; x_wconf 83' lang='lat' dir='ltr'><strong>The</strong></span> <span class='ocrx_word' id='word_1_264' title='bbox 520 4171 587 4205; x_wconf 87' lang='lat' dir='ltr'><strong>com·</strong></span> 
     </span>
    </p>
   </div>
   <div class='ocr_carea' id='block_1_7' title="bbox 0 0 1500 4996">
    <p class='ocr_par' dir='ltr' id='par_1_7' title="bbox 0 0 1500 4996">
     <span class='ocr_line' id='line_1_39' title="bbox 0 0 1500 4996; baseline 0 0"><span class='ocrx_word' id='word_1_265' title='bbox 0 0 1500 4996; x_wconf 95' lang='lat' dir='ltr'><strong> </strong></span> 
     </span>
    </p>
   </div>
  </div>
 </body>
</html>
