2978 4996
368 418 432 482 184
622 430 757 478 nocam
781 429 829 476 oa
851 426 1059 477 wannovna

207 601 330 640 noum.
370 588 465 650 ritati
482 594 608 651 vestrae
623 594 659 650 et
675 585 797 650 honori
818 605 923 667 snper
942 583 1140 667 praemissis,
1163 582 1247 664 qnia
1270 580 1320 643 in-

370 685 492 749 imicus
514 695 631 750 vester
654 686 862 768 saepedictus
886 684 1066 747 Jobannes
1088 683 1133 746 de
1155 682 1318 745 Breisnes

370 804 489 848 omnes
506 793 627 868 portus
643 785 848 848 cismarinos
865 803 944 846 cnm
964 781 1245 864 exploratoribus
1262 798 1316 842 ar·

370 885 475 947 matis
498 903 566 948 non
589 885 710 966 paucis
734 883 893 957 munivit,
919 889 971 958 ut,
993 882 1023 945 si
1043 881 1132 945 forte
1158 881 1318 944 incantus

373 1001 395 1045 a
416 984 696 1064 peregrinatione
717 982 859 1057 redires,
882 981 957 1062 ipse
979 1000 1043 1044 vos
1070 981 1136 1043 sub
1158 981 1318 1061 captione

370 1082 572 1145 conclusum
585 1084 828 1157 incarceraret,
845 1078 937 1162 qnod
953 1080 1051 1142 Deus
1064 1077 1226 1142 avertat?

423 1251 574 1332 Quomodo
588 1251 695 1314 nuntii
710 1251 791 1336 repis
802 1250 976 1336 Aoplomm
993 1248 1153 1314 imtnduut
1168 1251 1272 1313 Romae

541 1350 587 1413 ad
602 1349 792 1433 dejectionem
806 1349 892 1413 electi
909 1350 1153 1437 Contemnes.

424 1473 554 1536 Eodem
585 1481 752 1556 tempore,
784 1473 937 1538 instante
968 1474 1024 1537 die
1053 1473 1229 1547 Cinerum,
1261 1470 1319 1553 qui

299 1600 312 1627 e
373 1572 483 1636 electo
513 1572 756 1636 Canluariensi
787 1580 822 1636 et
849 1574 981 1636 nuntiis
1010 1572 1103 1653 regis
1124 1570 1318 1653 Anglorum

373 1672 487 1735 fuerat
513 1671 691 1754 praefixus,
723 1671 866 1753 utquid
896 1672 940 1734 de
964 1671 1044 1755 jure
1070 1671 1160 1735 foret
1181 1689 1203 1733 a
1228 1687 1320 1752 papa

341 1764 348 1777 ’
373 1769 608 1835 diffiniendum
630 1772 721 1835 inter
742 1778 872 1852 partes,
898 1778 1138 1853 procuratores
1161 1770 1245 1833 dicti
1267 1787 1320 1831 re·

374 1871 439 1950 gia
456 1877 492 1933 et
510 1871 684 1952 praecipue
699 1870 866 1951 magister
881 1868 904 1933 J
907 1869 1062 1933 ohannes
1078 1869 1120 1932 de
1140 1868 1321 1945 Hontona,

374 1968 549 2032 dominum
583 1989 709 2052 papam
740 1977 775 2032 et
798 1968 992 2032 cardinales
1021 1987 1140 2032 omnes
1172 1967 1320 2031 assiduis

374 2068 598 2150 petitionibus
632 2076 880 2143 convenerunt,
910 2067 970 2131 sed
999 2068 1078 2132 illos
1107 2066 1320 2130 invenientes

374 2187 417 2230 ex
444 2186 538 2230 more
563 2164 717 2230 difficiles
739 2168 929 2231 timuerunt
948 2166 1048 2231 valde
1068 2185 1090 2229 a
1106 2185 1169 2229 suo
1187 2165 1320 2229 deside·

375 2266 427 2328 rio
449 2264 671 2342 defraudari;
697 2265 800 2342 unde,
823 2265 942 2329 habito
957 2273 1108 2330 tractatu
1125 2264 1320 2329 detestabili

373 2383 479 2445 super
501 2362 698 2444 praemissis‚
728 2365 959 2446 promiserunt
981 2364 1120 2429 domino
1149 2383 1251 2446 papae
1276 2383 1319 2427 ex

375 2469 474 2543 parte
496 2462 589 2542 regis
604 2459 796 2544 Anglorum
820 2464 864 2526 ab
881 2464 1042 2528 universo
1058 2482 1165 2546 regno
1182 2461 1321 2545 Anglioe

375 2568 411 2624 et
434 2560 614 2623 Hiberniae
641 2559 901 2626 decimationem
933 2564 1085 2626 omnium
1108 2581 1222 2626 rerum
1249 2581 1321 2627 mo-

375 2660 494 2723 bilium
527 2659 570 2722 ad
606 2680 766 2740 guerram
797 2680 895 2725 suam
926 2671 1048 2726 contra
1078 2663 1319 2744 imperatorem

375 2759 625 2837 sustinendam,
643 2766 681 2822 ut
697 2779 757 2822 eos
773 2760 808 2822 in
827 2761 919 2842 regis
937 2762 1115 2843 proposito
1131 2759 1321 2824 exaudiret.

375 2858 425 2922 At
440 2858 599 2922 dominus
619 2877 720 2940 papa,
736 2858 795 2940 qui
817 2860 977 2923 rebellem
1001 2861 1242 2942 imperatorem
1265 2879 1322 2922 sn·

375 2976 437 3036 per
454 2958 569 3020 omnia
592 2958 762 3021 aestuabat
779 2957 939 3041 dejicere,
956 2961 1064 3023 tantia
1086 2958 1321 3041 promissioni·

377 3057 440 3117 bns
454 3055 669 3118 exhilaratus
687 3056 836 3120 trahitur
852 3058 895 3121 ad
913 3077 1130 3136 consensum,
1148 3066 1184 3121 et
1200 3058 1322 3122 sedens

374 3153 410 3214 in
426 3154 631 3217 consistorio
646 3154 720 3219 haec
736 3175 814 3237 quae
832 3165 1025 3238 sequuntur
1038 3159 1238 3241 proposuit3

446 3324 495 3388 De
511 3328 678 3391 cassatim
697 3329 830 3395 Wolteri
846 3332 999 3410 memoli,
1017 3332 1254 3398 Gomoarium

801 3428 895 3493 electi.

424 3547 573 3629 ‘Nuper
596 3551 639 3614 ad
660 3550 870 3615 audientiam
891 3561 1044 3616 nostram
1062 3555 1220 3636 pervenit
1236 3557 1324 3621 elec·

374 3646 423 3710 tio
448 3646 708 3712 cantuariensis
732 3651 887 3715 ecclesiae
915 3652 958 3716 de
980 3652 1130 3734 quodam
1152 3656 1321 3720 monacho

208 3724 264 3754 '⁰'
372 3744 532 3810 Waltcro
562 3750 712 3825 nomine,
737 3757 771 3812 et
794 3759 980 3833 postquam
1006 3750 1215 3830 audivimuS,
1244 3774 1322 3837 quae

372 3863 436 3925 pro
456 3865 493 3908 se
516 3847 604 3910 idem
629 3848 818 3911 monachus
836 3857 872 3912 et
886 3869 949 3931 pro
971 3869 1036 3914 sua
1055 3851 1224 3916 electione
1244 3874 1323 3936 pro·

373 3945 512 4025 posuit3
534 3946 663 4009 auditis
688 3948 792 4010 etiam
820 3948 1072 4032 objectionibus
1092 3958 1128 4013 et
1145 3953 1321 4034 exceptio·

372 4044 474 4107 nibus
495 4045 733 4127 episcoporum
759 4044 910 4129 Augila,
934 4054 1005 4112 tam
1032 4057 1154 4112 contra
1182 4051 1321 4115 electio-

372 4161 448 4203 nem
478 4143 671 4223 praefatam,
704 4165 808 4228 quam
839 4147 875 4210 in
905 4166 1089 4228 personam
1122 4148 1236 4226 electi,
1263 4171 1323 4234 per
