2978 4996
397 418 536 466 ruonns
560 418 833 469 ursronmnuu.
1021 409 1087 474 159

133 576 311 639 transtulit
335 575 378 638 ad
401 575 554 639 habenas
577 577 712 658 imperii
729 577 945 653 obtinendas,
959 578 1084 661 jocun-

132 675 189 750 da,
208 683 247 738 ut
266 675 482 751 credebatur,
498 677 666 756 auspicia,
692 677 751 738 scd
777 677 892 740 verius
920 677 1083 758 pericula,

132 775 251 837 matris
284 775 461 837 obtutibus
494 774 688 853 inferebat3
731 795 809 838 nam
847 784 982 857 sponte,
1018 798 1084 840 non

133 874 276 949 monitu,
302 874 383 936 sede
410 874 603 954 apostolica
631 875 824 954 ignorante,
850 894 986 937 crucem
1012 877 1084 939 suis

133 970 245 1035 affixit
271 972 434 1049 humeris,
468 993 598 1036 vovens
629 973 817 1037 solenniter
846 993 884 1036 se
914 974 949 1035 in
983 981 1084 1039 terrae

132 1078 263 1133 sanctae
294 1072 484 1135 subsidium
513 1071 761 1152 profecturum.
815 1073 950 1135 Deinde
978 1093 1016 1135 se
1048 1082 1083 1138 et

133 1169 219 1232 alios
240 1171 513 1250 crucesignatos
531 1171 823 1234 excommunicari
841 1172 1000 1248 obtinuit,
1017 1173 1083 1236 nisi

131 1275 226 1331 certo
258 1269 559 1351 proficiscerentur
592 1278 767 1352 temporc3
803 1271 862 1333 sed
895 1271 1083 1334 incidenter

132 1368 384 1431 absolutionem
410 1369 510 1450 petiit
533 1376 568 1431 ct
594 1370 728 1451 accepit
745 1369 787 1432 de
807 1370 961 1452 parendo
978 1389 1083 1452 super

132 1464 206 1530 haec
223 1467 396 1530 mandatis
407 1467 574 1543 ecclesiae,
587 1469 683 1548 prius
700 1470 856 1550 praestito
869 1468 1081 1551 juramento.

133 1564 390 1628 Exuberantem
414 1572 529 1628 autern
558 1567 706 1645 gratiam
726 1586 830 1648 super
856 1567 969 1650 ipsum
999 1588 1082 1650 apo·

131 1663 255 1727 stolica
275 1665 375 1727 sedes
398 1664 594 1740 infundens,
616 1671 655 1728 ut
670 1664 891 1728 festinantius
911 1667 954 1728 ad
980 1674 1081 1730 terrae

131 1769 261 1826 sanctae
278 1763 441 1825 transiret
455 1763 658 1837 subsidium,
680 1763 793 1843 ipsum
815 1771 936 1827 contra
952 1785 1081 1828 morem

131 1860 173 1923 ad
197 1881 360 1925 coronam
388 1862 540 1937 vocavit,
568 1863 627 1941 qui
653 1861 697 1923 ad
721 1860 786 1923 hoc
809 1881 877 1925 non
897 1863 1081 1939 invitatus,

131 1960 191 2023 sed
238 1960 477 2042 multiplicatis
517 1960 800 2023 intercessoribus
840 1960 980 2022 invitari
1018 1980 1081 2041 per

130 2059 334 2140 magnificos
356 2060 495 2122 nuntios
519 2060 720 2137 consuevit3
752 2058 870 2139 sicque
900 2058 990 2120 idem
1016 2061 1080 2122 sub

131 2157 243 2221 crucis
258 2158 388 2221 vexillo
405 2158 574 2239 usquead
591 2159 666 2223 haec
686 2165 843 2239 tempora
863 2158 1004 2242 propria
1021 2177 1080 2221 ne·

131 2258 228 2336 gotia
246 2258 382 2339 plenius
405 2264 440 2321 et
462 2258 647 2338 perfectius
670 2257 933 2321 consummavit.
986 2256 1080 2320 Tan·

131 2354 208 2418 dem
233 2376 310 2420 cum
343 2357 502 2418 manibus
524 2357 633 2419 felicis
656 2356 903 2420 recordationis
932 2355 1081 2420 Honorii

129 2473 244 2536 papae,
267 2455 530 2536 praedecessoris
553 2456 673 2532 nostri,
696 2457 731 2517 in
757 2457 849 2519 beati
870 2455 966 2518 Petri
987 2457 1080 2519 basi-

130 2552 198 2617 lica
215 2555 400 2636 recepisset
422 2554 593 2630 diadema,
610 2555 652 2617 de
667 2556 823 2617 manibus
842 2556 980 2629 nostrin,
996 2561 1080 2617 tunc

131 2652 167 2713 in
190 2653 314 2716 minori
347 2651 458 2716 officio
487 2654 698 2729 constitutis,
720 2673 856 2716 crucem
885 2654 1081 2733 resumpsit,

131 2758 214 2815 voto
230 2751 366 2834 publice
381 2751 557 2815 innovato.
613 2751 735 2814 Plures
757 2754 821 2814 sub
843 2770 905 2832 spe
925 2751 980 2812 sui
1001 2751 1081 2812 sub-

129 2850 209 2912 sidii
245 2851 288 2913 ad
315 2870 451 2913 crucem
479 2851 677 2914 sumendam
707 2850 856 2925 induxit,
888 2856 923 2912 et
949 2855 1080 2911 certum

129 2949 259 3030 recepit
282 2948 463 3012 terminum
481 2949 739 3013 transfretandi.
792 2947 925 3011 Habito
943 2967 1080 3029 quoque

129 3048 348 3128 postmodum
371 3049 462 3131 apud
480 3048 629 3113 Verulas
650 3068 729 3111 cum
752 3047 897 3111 ecclesia
920 3047 1080 3111 Romana

130 3146 315 3228 colloquio,
334 3147 468 3230 juravit
496 3148 645 3229 publice,
675 3167 713 3210 se
740 3146 775 3209 in
803 3154 898 3210 certo
921 3147 1080 3223 termino,

130 3264 152 3308 a
168 3245 330 3309 Romana
352 3247 418 3309 sibi
439 3247 584 3310 ecclesia
606 3246 827 3328 praefigendo,
852 3254 887 3309 et
914 3253 1080 3327 tanquam

129 3344 371 3427 imperatorem
409 3344 595 3409 honorifice
634 3345 878 3427 profecturum.
944 3345 1080 3408 Exinde

129 3443 222 3526 apud
239 3443 461 3507 Ferentinum
478 3445 514 3506 in
531 3445 703 3526 colloquio
724 3445 828 3506 simili
849 3445 995 3507 duorum
1020 3462 1080 3506 an-

129 3562 252 3605 norum
269 3542 515 3606 transfretandi
531 3543 635 3624 elegit
650 3544 716 3606 sibi
731 3544 914 3606 terminum
937 3550 973 3604 et
990 3561 1079 3622 prae-

131 3640 230 3718 fixit3
254 3642 372 3723 sicque
394 3642 629 3718 transiturum,
657 3649 692 3706 et
717 3641 865 3703 nobilem
891 3639 1079 3715 mulierem,

129 3747 246 3803 natam
268 3741 436 3803 carissimi
459 3740 521 3804 filii
545 3741 652 3805 nostri
676 3741 711 3803 in
740 3739 879 3802 Christo
907 3737 1079 3800 Johannis

129 3839 220 3919 regis
232 3838 568 3923 Hierosolymorum,
582 3840 726 3903 illustris
738 3838 846 3921 ipsius
861 3837 958 3917 regni
973 3837 1081 3900 baere-

128 3935 218 4012 dem,
236 3939 270 4000 iu
286 3938 468 4021 conjugem
486 3947 715 4022 recepturum,
725 3937 913 4001 solenniter
923 3935 1080 4017 praestito

123 4035 323 4118 juramento
346 4039 556 4121 spopondit;
584 4038 791 4121 adjungens,
813 4034 903 4117 quod
928 4054 989 4116 per
1015 4034 1079 4097 hoc

127 4135 172 4199 ad
189 4137 391 4219 obsequium
409 4145 509 4202 terrae
525 4144 668 4213 sanctae,
686 4156 754 4199 non
778 4144 818 4199 ut
843 4135 959 4200 caeteri
983 4155 1081 4217 pere·

1097 601 1152 639 Ab.
1164 603 1219 640 1228.

1097 651 1220 700 'l'lrepope'r

1097 711 1186 739 censure
1194 701 1218 739 ol

1096 751 1133 790 the
1141 761 1245 800 emperor.
