2978 4996
419 460 486 524 166
678 474 813 523 nucum
837 475 885 521 nu
908 472 1116 522 wannovsn

260 649 317 692 ab
327 651 384 690 1²2⁸·
420 627 551 698 literas¹
575 653 660 698 auro
682 634 833 698 bullatas
856 632 1051 715 Anglorum
1074 633 1149 714 regi
1171 630 1376 707 transmisit,

423 753 620 817 proponens
642 734 678 797 in
698 733 826 798 eisdem
850 732 1046 797 Romanam
1071 733 1252 796 ecclesiam
1275 738 1376 795 tanto

419 835 495 917 jam
524 833 681 897 avaritiae
712 851 913 898 succensam
945 831 1103 896 incendio
1133 839 1170 896 et
1192 831 1375 914 concupis·

424 933 539 997 centia
563 932 758 1009 manifesta,
783 931 889 1014 quod,
910 932 1010 995 bonis
1040 932 1283 995 ecclesiasticis
1307 949 1376 993 nou

425 1033 490 1096 sibi
511 1052 574 1116 pro
589 1040 671 1096 voto
694 1030 951 1107 sufficientibus,
967 1032 1206 1114 imperatores,
1221 1049 1321 1111 reges
1341 1036 1376 1092 ct

426 1132 600 1214 principes
627 1131 849 1195 exhaeredare
877 1137 913 1194 et
938 1131 1139 1194 tributarios
1166 1129 1377 1194 constituere

426 1251 495 1293 non
513 1238 664 1295 veretur.
717 1229 860 1294 Habeat
885 1237 1001 1293 autem
1027 1229 1071 1293 de
1097 1229 1286 1312 praemissis
1314 1247 1376 1291 rex

425 1328 620 1411 Anglorum
643 1349 688 1393 ex
710 1348 748 1392 se
769 1330 846 1412 ipso
872 1328 1082 1411 exemplum,
1104 1328 1204 1411 cujus
1229 1334 1377 1409 patrem,

427 1448 542 1510 regem
565 1428 697 1492 scilicet
713 1428 920 1505 Johannem,
944 1428 1077 1491 tamdiu
1098 1427 1376 1491 excommunica·

428 1533 502 1589 tum
525 1527 648 1603 tenuit,
674 1546 854 1609 quousque
875 1527 988 1610 ipsum
1011 1534 1048 1590 et
1066 1546 1174 1609 regna
1196 1525 1272 1608 ejus
1294 1544 1377 1589 con·

427 1624 543 1688 stituit
569 1626 634 1689 sub
657 1626 798 1690 tributo.
852 1625 1018 1690 Habeant
1043 1626 1147 1689 etiam
1170 1624 1378 1706 generaliter

427 1743 545 1787 omnes
570 1725 660 1788 idem
683 1725 880 1808 exemplum
902 1725 945 1788 de
967 1725 1092 1788 comite
1106 1723 1319 1799 Tholosauo,
1342 1731 1380 1787 et

428 1821 515 1886 alios
547 1824 720 1907 principes
748 1824 888 1901 multus,
921 1844 1068 1906 quorum
1096 1831 1207 1888 terras
1232 1830 1268 1886 et
1298 1842 1378 1904 per-

427 1941 532 1987 sonas
554 1923 687 1987 tamdiu
709 1926 775 1988 sub
797 1923 980 1988 interdicto
1002 1922 1205 1987 concludere
1224 1922 1377 1998 molitur,

427 2019 535 2086 donec
546 2022 625 2087 illos
636 2024 674 2087 iu
685 2023 896 2088 consimilem
911 2022 1048 2104 redigat
1063 2022 1278 2085 servitutem.
1331 2020 1376 2084 Iu

428 2122 649 2186 conclusione
665 2122 803 2186 demum
819 2122 976 2204 epistolae
997 2122 1072 2185 baec
1090 2121 1230 2204 adjecit,
1252 2120 1379 2184 exhor·

428 2227 508 2283 tans
535 2222 628 2285 orbis
644 2221 817 2303 principes
837 2221 1030 2297 universos,
1048 2227 1225 2285 utcontra
1242 2225 1378 2283 tantam

430 2319 497 2381 sibi
512 2319 725 2401 prospiciant
743 2320 926 2383 avaritiam
942 2328 978 2383 et
994 2321 1226 2402 iniquitatem,
1243 2319 1327 2401 quia

509 2451 612 2509 ‘Tunc
626 2471 677 2509 sua
690 2471 736 2510 res
749 2453 851 2529 agitur,
865 2455 958 2532 paries
972 2473 1036 2512 cum
1050 2453 1193 2530 proximus
1207 2451 1305 2510 ardet!

467 2649 557 2730 Quod
568 2650 738 2736 imperator
751 2651 846 2715 morit
853 2653 1093 2738 persecutionem
1107 2661 1215 2717 contra
1224 2673 1357 2739 paparo.

266 2789 418 2832 caetera·
481 2774 537 2838 Ex
562 2773 627 2839 bac
647 2776 764 2858 itaque
787 2776 976 2857 imperator
1001 2776 1260 2859 perturbatione
1286 2796 1380 2840 com-

267 2850 376 2980 ἷξῖῗῗιιῗῗ
372 2860 408 2979 13¹¹,
430 2880 544 2937 motus
567 2874 734 2938 excitavit
756 2882 877 2939 contra
898 2876 1075 2939 dominum
1100 2895 1227 2958 papam
1250 2882 1286 2939 et
1307 2875 1382 2940 Ro·

266 2944 391 3030 ’νιξιῖῗὲοῗω
408 2951 541 3037 ⁸manae
564 2974 719 3037 ecclesiae
740 2975 984 3056 patrimonium
1005 2976 1276 3057 persecutionem
1300 2993 1382 3056 gra-

430 3073 620 3147 vissimam,
650 3072 817 3136 invadens
849 3074 925 3158 ejus
953 3074 1113 3138 civitates
1144 3082 1180 3138 et
1205 3071 1381 3156 occupans

430 3171 586 3246 castella,
620 3170 710 3234 sicut
742 3172 832 3235 idem
859 3192 953 3256 papa
976 3193 1036 3254 per
1057 3171 1177 3237 literas
1203 3192 1285 3236 suas
1309 3172 1384 3238 Ro·

431 3287 545 3344 mano,
566 3269 776 3333 Francorum
793 3271 923 3353 legato,
945 3272 1094 3336 directas
1117 3273 1293 3338 evidenter
1316 3291 1381 3336 ex·

430 3367 557 3447 pressit
571 3369 606 3430 in
624 3367 699 3432 hoec
716 3372 821 3434 verba
836 3390 845 3449 ;

627 3541 824 3620 conante
831 3563 927 3626 pape
941 3543 978 3607 de
992 3543 1185 3629 inperatore.

480 3663 693 3747 ‘Gregorius
709 3667 892 3749 episcopus
910 3666 1082 3744 Romano,
1101 3667 1314 3731 Francorum
1332 3666 1383 3732 le-

430 3772 526 3846 gato,
553 3765 713 3842 salutem,
739 3772 773 3829 et
789 3773 928 3830 caetera.
979 3764 1146 3844 Attende,
1169 3786 1384 3849 quaesumus,

464 3967 580 4015 ¹Literoa
598 3981 657 4015 earo
677 3966 791 4017 battutas.
802 3963 815 4034 ]
838 3967 892 4016 'l'lre
917 3967 1054 4030 ledgment,
1065 3973 1092 4017 at
1102 3968 1145 4017 the
1156 3983 1226 4018 same
1242 3968 1303 4017 time
1320 3982 1384 4030 urg-

428 4033 502 4084 ietter
518 4034 547 4083 ol
562 4036 660 4097 chry,
680 4037 892 4099 rcknowledging
917 4038 961 4100 ing
983 4037 1035 4085 him
1056 4043 1082 4086 to
1105 4038 1293 4087 reconciliation
1317 4038 1383 4087 with

430 4104 472 4153 the
482 4105 612 4165 receiptol
621 4107 663 4155 the
675 4101 761 4166 pope‘s
772 4106 896 4156 lettersof
917 4107 1043 4169 Gregory,
1058 4122 1101 4157 are
1118 4107 1218 4170 printed
1235 4109 1261 4156 in
1278 4108 1384 4170 Rymer,

430 4175 575 4235 complaint,
590 4188 620 4222 as
631 4175 690 4223 well
701 4190 730 4224 as
741 4180 767 4224 to
783 4176 825 4224 the
840 4191 891 4225 em·
916 4191 943 4238 p·
956 4181 1019 4236 latu
1037 4177 1097 4226 both
1114 4192 1158 4227 are
1173 4177 1250 4228 daoed
1266 4177 1309 4228 me
1320 4177 1382 4227 wib

430 4257 512 4303 peror,
531 4242 594 4291 witb
616 4258 632 4292 a
653 4245 750 4294 similar
773 4245 891 4295 ackuow·
915 4246 945 4296 of
953 4247 1092 4308 February.
