2978 4996
419 434 463 497 84
683 450 816 497 uocum
843 450 889 495 un
912 449 1120 496 wanuovun

258 630 381 671 nonna.
421 614 555 688 patrem
583 627 696 684 suum,
726 607 965 683 confirmaret3
1008 613 1055 683 et,
1085 604 1176 669 sicut
1203 605 1374 688 archiepi-

420 726 547 790 scopus
580 707 732 771 ostendit
764 707 951 783 evidenter,
984 704 1073 768 idem
1112 725 1174 769 rex
1207 705 1376 787 diffugere

421 827 489 869 non
520 808 634 889 potuit
668 807 751 888 quin
783 805 848 870 boc
880 804 1021 881 faceret,
1055 824 1131 867 cum
1165 806 1201 867 in
1234 825 1373 868 recessu

421 905 598 969 Lodowici
627 906 671 968 ab
703 905 835 986 Anglia
865 904 1010 987 juravit,
1038 910 1074 966 et
1103 911 1179 967 tota
1209 904 1374 967 nobilitas

420 1006 519 1086 regni
537 1025 614 1068 cum
629 1024 683 1080 eo,
703 1003 795 1086 quod
812 1004 990 1067 libertates
1015 1003 1236 1085 praescriptas
1254 1022 1376 1068 omnes

420 1105 647 1168 observarent
671 1111 706 1167 et
736 1104 896 1167 omnibus
923 1101 1099 1165 traderent
1127 1101 1374 1167 observandas.

421 1203 524 1282 Quod
543 1205 686 1267 audiens
701 1201 898 1265 Willelmus
915 1201 1079 1277 Briwere,
1102 1201 1161 1283 qui
1181 1221 1272 1264 unus
1296 1208 1373 1266 erat

421 1322 466 1365 ex
491 1302 696 1366 consiliariis
722 1301 826 1382 regis,
850 1321 912 1383 pro
934 1319 1016 1382 rege
1038 1300 1249 1382 respondeus
1272 1300 1374 1377 dixit,

421 1401 639 1465 ‘Libertates
664 1420 751 1483 quas
777 1399 906 1482 petitis,
930 1400 1012 1481 quia
1031 1400 1200 1463 violenter
1222 1407 1373 1464 extorta)

421 1500 572 1577 fuerunt,
594 1520 664 1563 non
691 1499 817 1562 debent
841 1499 884 1563 de
908 1499 989 1582 jure
1014 1499 1212 1562 observari!
1264 1497 1370 1577 Quod

421 1600 564 1663 verbum
593 1597 872 1682 archiepiscopus
902 1598 1046 1662 moleste
1074 1598 1186 1662 ferens
1213 1599 1372 1681 increpa·

421 1699 565 1763 viteam
580 1698 709 1774 dicens,
727 1696 948 1774 ‘Willelme,’
963 1697 1089 1779 inquit,
1108 1698 1159 1761 ‘si
1181 1717 1298 1779 regem
1317 1696 1373 1760 di·

421 1797 558 1880 ligeres,
575 1817 695 1881 pacem
707 1797 805 1879 regni
820 1817 889 1860 non
905 1795 1113 1880 impedires!
1149 1795 1283 1862 Videns
1306 1815 1372 1861 au·

422 1903 490 1961 tem
528 1917 591 1962 rex
630 1897 925 1980 archiepiscopum
963 1897 1000 1960 in
1036 1897 1123 1960 iram
1161 1903 1370 1960 commotum

420 1994 522 2073 dixit,
541 1998 696 2061 ‘Omnes
720 1996 898 2059 libertates
922 1995 1001 2058 illas
1019 1995 1227 2078 juravimus,
1245 2002 1280 2059 et
1299 2014 1373 2059 om-

421 2115 482 2158 nes
508 2097 642 2159 astricti
661 2115 793 2172 sumus,
812 2102 851 2158 ut
873 2094 965 2175 quod
989 2094 1183 2178 juravimus
1208 2096 1370 2159 observe-

420 2214 497 2257 mus
508 2193 529 2272 ;’
555 2202 591 2258 et
605 2215 667 2258 rex
682 2195 852 2276 protinuS,
870 2193 988 2258 habito
1011 2214 1115 2276 super
1131 2195 1195 2258 hoc
1211 2194 1370 2271 consilio,

421 2287 529 2356 misit¹
554 2294 672 2357 literas
692 2313 774 2356 suas
791 2293 834 2356 ad
856 2293 1011 2375 singulos
1028 2294 1245 2358 vicecomites
1260 2295 1372 2375 regui,

420 2398 458 2453 ut
486 2411 547 2473 per
578 2391 704 2455 milites
734 2392 913 2456 duodecim
951 2392 1006 2456 vel
1041 2393 1171 2475 legales
1210 2392 1366 2457 homiues

417 2489 689 2574 uniuscujusque
709 2493 894 2556 comitatus
918 2511 980 2575 per
999 2500 1251 2557 sacramentum
1275 2492 1369 2556 face·

418 2596 496 2652 rent
524 2589 663 2672 inquiri,
695 2611 773 2674 quae
799 2591 938 2654 fuerunt
969 2591 1146 2656 libertates
1175 2593 1211 2655 in
1238 2589 1371 2673 Augila

418 2695 573 2773 tempore
589 2691 681 2772 regis
700 2689 845 2754 Henrici
864 2691 922 2754 avi
939 2689 1005 2767 sui,
1028 2698 1063 2755 et
1081 2690 1206 2755 factam
1223 2691 1369 2772 inquisi-

418 2789 545 2853 tionem
576 2791 666 2873 apud
699 2789 897 2854 Londonias
928 2789 1104 2855 mitterent
1126 2790 1169 2855 ad
1193 2809 1309 2873 regem
1332 2790 1366 2852 in

417 2889 609 2969 quindecim
628 2889 749 2952 diebus
766 2896 846 2972 post
863 2887 1012 2953 Pascha.

506 3062 555 3125 De
568 3062 764 3126 clarentum
777 3063 860 3127 inter
880 3063 1033 3127 Walcnecs
1046 3070 1075 3126 ot
1094 3059 1282 3127 Wilblmam

770 3162 1007 3226 Maraccallam.

256 3294 406 3386 mptum
476 3277 626 3347 Eodem²
657 3248 761 3362 anno,
791 3285 872 3349 dum
897 3286 1094 3349 Willelmus
1125 3284 1369 3362 Marescallus,

416 3400 530 3447 comes
553 3383 722 3462 Peubroc,
744 3385 810 3449 fuit
835 3387 872 3448 in
900 3384 1082 3462 Hibernia,
1105 3384 1280 3461 Loelinus,
1303 3405 1367 3450 rex

451 3592 541 3645 ¹Maie
553 3597 639 3646 literas
648 3594 725 3657 rnna]
746 3597 823 3646 dated
834 3598 876 3647 tbe
900 3603 977 3647 count
990 3599 1019 3648 of
1030 3599 1101 3648 these
1113 3598 1301 3659 disturbances,
1313 3600 1366 3651 aud

414 3666 473 3714 toth
484 3667 513 3715 ol
526 3667 659 3729 Jauuary;
682 3668 786 3728 Rymer,
796 3669 846 3717 vol.
858 3670 876 3716 i.
899 3668 1366 3731 addr,that,thekingsendiuglorces

414 3750 440 3796 p.
455 3740 510 3785 168.
899 3743 924 3785 ιο
944 3739 987 3786 aid
1006 3738 1048 3787 the
1068 3739 1132 3799 earl,
1151 3738 1292 3799 Llewellyn
1309 3755 1364 3790 was

448 3802 555 3854 'Eodem
565 3806 649 3869 anan]
673 3805 726 3854 'l'he
745 3807 875 3855 extensior
900 3807 960 3868 glad
971 3812 997 3856 to
1008 3807 1132 3857 conclude
1142 3822 1159 3856 a
1170 3822 1258 3869 peace.
1281 3808 1364 3859 'lbere

412 3874 442 3923 oi
456 3876 515 3924 time
535 3876 609 3938 given
623 3880 649 3924 to
664 3875 715 3925 this
728 3880 811 3937 treaty
821 3891 876 3925 was
899 3877 921 3925 is
946 3893 962 3925 a
990 3877 1179 3927 sale-conduct
1206 3879 1312 3939 granted
1338 3884 1364 3928 to

411 3949 437 3992 to
463 3946 550 4006 expire
573 3950 600 3994 at
622 3945 723 4006 Easter,
743 3949 816 3994 122³.
852 3946 877 3994 lt
899 3945 1038 4009 Llewellyn
1056 3953 1083 3996 to
1102 3961 1172 3994 come
1192 3951 1218 3996 to
1236 3947 1280 3996 the
1301 3948 1363 4012 king

411 4027 520 4073 appears
537 4013 592 4062 that
608 4014 875 4076 Llewellyntookad·
897 4022 924 4064 at
947 4016 1099 4078 Worcestsr,
1120 4032 1153 4065 on
1179 4015 1221 4065 the
1248 4017 1363 4080 Mouday

411 4088 519 4144 vautage
537 4083 708 4145 immediately
727 4083 757 4131 ol
776 4086 809 4134 its
828 4099 873 4133 ex·
896 4085 962 4134 aster
978 4087 1015 4136 St.
1028 4087 1097 4137 John
1116 4085 1240 4146 Baptist’s
1256 4086 1308 4149 day
1320 4086 1364 4153 (24

410 4151 521 4210 piratica
539 4156 565 4199 to
585 4167 755 4202 recommence
773 4153 873 4203 hostili·
895 4154 987 4222 June),
1004 4157 1105 4218 printed
1127 4157 1155 4207 in
1172 4156 1276 4220 Rymer,
1298 4158 1317 4210 i.
1336 4173 1364 4220 p.

411 4219 469 4270 ties.
505 4221 674 4283 Hemiugsord
692 4223 763 4284 gives
777 4238 810 4272 au
829 4238 872 4274 ac·
896 4227 954 4276 168.
