2978 4996
371 471 535 525 scenas
559 472 830 524 nrsronrnnuu.
1014 457 1081 523 249

134 632 369 708 tuariensem3
402 630 461 712 qui
484 648 505 691 a
529 647 610 709 rege
639 636 820 710 susceptus
853 646 930 690 cum
963 645 1219 690 mona-anas.

133 731 207 793 clris
226 731 431 812 quibusdam
449 728 759 791 Cantuariensibus
784 726 931 790 Romam
948 727 1083 808 profec-

135 836 191 892 tus
218 838 283 906 est,
317 837 356 892 ut
375 828 577 892 electionem
607 846 707 889 suam
736 825 932 890 confirmari
958 844 980 888 a
1002 826 1084 889 sede

132 930 326 1010 apostolica
347 930 559 1010 impetraret.

148 1103 197 1166 De
213 1101 450 1187 quadrupesimo
467 1102 532 1186 νομί
547 1121 691 1175 caucaso,
709 1110 737 1164 st
751 1099 894 1184 quomodo
911 1097 1068 1163 [laberius

331 1201 368 1264 de
384 1201 522 1285 [Barpo]
538 1200 584 1263 od
597 1201 881 1285 Mertoaomfupit.

196 1323 443 1408 Convenerunt
470 1332 675 1405 tempestate
706 1323 826 1386 eadem
855 1324 947 1405 apud
979 1324 1212 1389 Lam-sauri

134 1421 246 1486 helam
263 1423 307 1486 ad
325 1424 544 1506 colloquium,
563 1425 599 1486 in
617 1423 830 1487 exaltatione
845 1431 976 1487 sanctae
995 1424 1082 1488 Cru-
1095 1398 1244 1488 bilbilim

134 1523 196 1599 cis,
212 1541 328 1586 coram
347 1543 439 1606 rege,
458 1524 610 1605 episcopi
626 1531 661 1586 et
674 1523 733 1586 alii
755 1523 977 1586 ecclesiarum
994 1545 1083 1606 prae·
1094 1499 1190 1548 ‘mm'

134 1622 197 1684 lati
219 1642 296 1685 curn
319 1624 518 1704 proceribus
542 1623 650 1703 regni,
674 1623 733 1685 ubi
756 1643 919 1686 concessa
941 1631 994 1687 est
1010 1626 1082 1705 regi

133 1739 197 1803 pro
225 1721 362 1799 debitis,
385 1724 509 1804 quibus
539 1722 657 1785 comiti
689 1722 878 1785 Britanniae
902 1725 1083 1787 tenebatur

133 1820 308 1898 astrictus,
322 1822 587 1904 quadragesima
604 1840 685 1902 pars
708 1840 821 1883 rerum
843 1822 1018 1886 mobilium
1036 1825 1081 1886 ab

133 1920 317 2003 episcopis,
339 1923 533 1998 abbatibus,
556 1921 739 2001 prioribus,
762 1920 895 1983 clericis
919 1928 954 1983 et
971 1920 1081 2002 laicis,

134 2019 223 2082 sieut
239 2039 281 2083 ea
304 2021 510 2097 babuerunt,
530 2020 686 2100 frugibus
707 2020 938 2099 congregatis,
962 2020 996 2083 in
1022 2041 1081 2084 au·

134 2126 267 2196 tumno,
290 2138 381 2184 anno
408 2120 505 2201 regni
529 2118 681 2202 ejusdem
703 2119 795 2199 regis
815 2118 947 2182 decimo
967 2128 1079 2185 sexto.

136 2216 316 2282 Hubertus
342 2239 479 2301 quoque
502 2218 544 2282 de
568 2220 698 2299 Burgo,
724 2220 779 2281 cui
801 2219 903 2282 datus
930 2218 1043 2284 fuerat
1059 2239 1232 2283 annania·

133 2336 213 2398 rege
235 2320 402 2381 terminus
426 2319 484 2381 ille
505 2318 548 2380 ad
575 2318 848 2398 respondendum
872 2338 976 2400 super
997 2292 1207 2391 arti-litii&

133 2416 219 2480 culis
245 2425 280 2480 et
302 2418 542 2481 exactionibus
566 2418 787 2499 supradictis,
810 2419 896 2481 iram
919 2420 1010 2500 regis
1029 2421 1080 2484 ni·

133 2517 198 2579 mis
230 2516 360 2581 babens
393 2525 589 2600 suspectam
624 2537 692 2580 non
723 2538 829 2581 ausus
859 2526 912 2581 est
940 2539 1079 2602 compa·

134 2635 219 2693 rere,
247 2626 450 2698 suggestum
479 2617 569 2679 enim
601 2618 632 2679 ei
658 2618 782 2694 fuerat,
807 2617 898 2699 quod
929 2638 990 2681 rex
1017 2619 1079 2682 lra-

133 2714 208 2779 buit
228 2717 407 2780 consilium
435 2717 530 2780 illum
559 2725 669 2779 morte
693 2718 891 2799 turpissima
918 2718 1077 2781 condem-

135 2833 240 2892 nare3
264 2815 353 2879 uude
375 2817 418 2879 ad
444 2836 562 2898 pacem
586 2815 739 2879 ecclesia>
760 2817 961 2896 confugiens
986 2820 1077 2898 apud

134 2913 342 2977 Meritonam
370 2917 460 2979 inter
486 2917 670 2978 canonicos
699 2913 847 2991 delituit,
875 2914 983 2978 donec
1013 2917 1078 2980 sibi

132 3031 218 3076 aura
245 3014 378 3078 felicior
409 3014 586 3079 arrideret.
644 3014 711 3078 Sed
739 3015 876 3077 tandem
910 3034 988 3077 cum
1016 3035 1078 3080 rex

132 3113 163 3175 ei
187 3114 428 3194 significasset,
455 3123 493 3178 ut
513 3115 644 3176 veniret
666 3114 709 3176 ad
735 3116 863 3177 curiam
890 3134 988 3178 suam
1005 3114 1077 3197 juri

132 3213 321 3294 pariturus,
343 3215 516 3277 nuntiavit
534 3214 619 3294 regi,
638 3214 729 3296 quod
744 3215 830 3277 iram
850 3216 925 3299 ejus
949 3214 1077 3280 habens

132 3320 327 3393 suspectam
357 3313 401 3376 ad
431 3313 611 3377 ecclesiam
643 3314 856 3396 confugerat,
889 3335 968 3399 quae
997 3316 1077 3379 ulti·

132 3430 225 3474 mum
255 3411 441 3476 remedium
471 3418 525 3475 est
547 3414 704 3476 omnibus
731 3414 891 3496 injuriam
918 3415 1079 3497 patienti-

132 3510 208 3586 bus,
234 3518 270 3574 et
291 3513 383 3592 quod
405 3512 485 3574 inde
510 3531 579 3574 non
603 3514 726 3589 exiret,
751 3513 861 3577 donec
882 3514 974 3577 illius
1003 3515 1078 3577 ani·

132 3629 223 3673 mum
246 3611 282 3672 in
305 3612 427 3675 melius
449 3620 673 3692 cognosceret
695 3613 925 3676 immutatum.
979 3613 1077 3677 Tunc

132 3727 193 3773 rex
221 3710 255 3772 in
284 3711 371 3773 iram
393 3731 512 3774 versus
540 3711 749 3792 significavit
777 3731 838 3793 per
865 3711 983 3774 literas
1008 3731 1078 3775 rna-

126 3807 196 3890 jori
225 3808 495 3886 Londoniarum,
518 3809 592 3892 jam
622 3811 707 3873 hora
735 3811 888 3873 instante
911 3811 1076 3894 vesperti-

131 3926 187 3984 na,
211 3918 382 3991 quatenus
405 3911 523 3973 statim
548 3909 630 3972 visis
653 3909 774 3985 literis,
796 3909 991 3991 conjunctis
1012 3912 1077 3974 sibi

133 4007 299 4072 universis
333 4010 466 4073 civibus
496 4009 601 4085 urbis,
625 4008 684 4090 qui
711 4028 806 4071 arma
833 4030 969 4072 movere
998 4030 1078 4091 pos-

130 4115 219 4184 sent,
242 4109 307 4171 iret
327 4109 370 4171 ad
393 4109 602 4172 Meritonam
623 4108 804 4184 hostiliter,
827 4118 862 4172 et
882 4109 1077 4173 Hubertum

130 4205 172 4269 de
191 4208 311 4289 Burgo
331 4210 447 4271 vivum
475 4210 539 4272 sibi
565 4229 625 4272 seu
645 4217 814 4272 mortuum
840 4217 1078 4292 praesentaret.
