2978 4996
240 611 293 653 Μ).
305 608 362 649 1217.

246 2789 356 2829 monnet-

248 2841 295 2879 tred
303 2839 374 2888 bytho

250 2890 332 2929 berone.

397 417 441 481 20
655 430 788 480 nocam
814 430 860 478 ns
884 430 1091 478 wennovnn

401 589 479 654 Deo
501 595 536 652 et
558 586 639 651 sede
666 587 858 668 apostolica
887 586 1024 669 plenam
1047 604 1191 650 suorum·
1215 585 1353 650 veniam

401 695 632 771 peccatorum,
667 685 710 749 de
743 687 868 767 quibus
897 687 1066 749 veraciter
1098 684 1246 749 confessi
1277 685 1354 748 fne-

403 796 496 864 runt,
522 785 665 849 indulsit
690 792 724 848 et
753 785 789 847 in
816 785 1040 849 retributione
1062 784 1237 867 justorum
1260 785 1355 847 saln-

404 889 449 950 tis
472 895 611 950 aeternae
634 884 777 967 praemia
792 884 998 966 repromisit.
1051 881 1199 959 Deinde,
1227 883 1357 948 collata

405 987 565 1050 omnibus
599 983 817 1048 absolutione
855 992 889 1047 et
925 982 993 1047 Dei
1028 981 1277 1059 benedictione,
1309 984 1354 1047 ad

406 1105 503 1149 arms
523 1084 752 1149 convolarunt
771 1082 935 1158 universi,
957 1100 1133 1163 equosque
1159 1101 1236 1145 cum
1260 1081 1356 1146 festi·

407 1186 547 1249 natione
576 1182 801 1246 ascendentes
829 1190 945 1245 castra
973 1189 1156 1245 moverunt
1183 1190 1354 1260 ovantes;

407 1284 585 1347 venientes
604 1281 722 1363 itaque
743 1281 788 1343 ad
807 1281 924 1344 villam
949 1280 992 1344 de
1019 1279 1147 1357 Stowe,
1172 1299 1251 1362 quae
1275 1288 1355 1345 octo

409 1380 578 1444 milliariis
610 1398 631 1442 s
662 1379 845 1443 Lincolnia
880 1379 999 1455 distat,
1033 1379 1159 1445 ibidem
1193 1380 1356 1463 intrepidi

408 1487 666 1562 pernoctarunt.
718 1478 824 1543 Mane
844 1487 958 1542 antem
981 1478 1085 1555 facto,
1108 1478 1207 1542 bellis
1224 1487 1356 1562 septem

409 1579 587 1660 eleganter
611 1577 778 1641 ordinatis
805 1577 919 1641 densis
949 1577 1156 1659 agminibus,
1179 1597 1356 1660 processe·

408 1686 490 1743 runt
513 1677 549 1740 in
577 1676 706 1751 hostes,
733 1675 818 1739 nihil
843 1676 930 1740 adeo
957 1684 1149 1741 metuentes
1174 1696 1278 1759 quam
1302 1677 1356 1741 fu·

410 1796 490 1858 gam
520 1786 650 1852 eorum,
674 1784 866 1858 antequam
896 1775 939 1839 ad
973 1776 1149 1840 civitatem
1177 1776 1355 1857 venirent3

410 1876 578 1941 balistarii
601 1895 738 1957 quoque
760 1895 878 1939 eornm
901 1876 1091 1940 exercitum
1116 1895 1251 1957 semper
1268 1896 1356 1958 prae·

409 1976 506 2041 ibant
531 1995 601 2041 uno
633 1974 703 2038 sere
737 1975 924 2051 milliario;
962 1975 1107 2039 sarcinae
1136 1975 1295 2057 bigarum
1322 1984 1357 2040 et

409 2075 672 2141 summariorum
691 2094 770 2138 cum
791 2073 997 2137 victualibus
1020 2082 1055 2139 et
1075 2074 1176 2138 rebus
1197 2093 1357 2138 necessa·

410 2175 469 2237 riis
494 2173 683 2237 exercitum
706 2173 909 2236 tantundem
934 2173 1167 2254 sequebantur
1188 2192 1210 2237 a
1232 2180 1357 2255 tergo;

411 2272 548 2340 vexillis
575 2271 728 2353 undique
756 2271 961 2336 micantibus
989 2279 1024 2337 et
1045 2273 1165 2349 scutis,
1188 2292 1266 2354 quae
1289 2281 1358 2338 ter-

411 2390 522 2433 rorem
543 2389 613 2433 non
633 2370 810 2433 minimum
830 2371 1025 2436 videntibus
1041 2371 1272 2437 incusserunt.

457 2541 597 2622 Qualiter
613 2540 740 2606 barones
754 2540 794 2605 oh
810 2540 884 2606 urbe
898 2542 1070 2607 Lincolrtiae
1085 2553 1221 2608 eeeustes
1236 2545 1317 2631 repis

682 2641 846 2707 exercitum
860 2643 1086 2708 estimaverint.

462 2767 618 2831 Berones
641 2786 735 2843 vero,
758 2767 939 2849 quierant
964 2768 1173 2844 incivitate,
1196 2776 1232 2831 et
1249 2767 1357 2831 Fran·

411 2868 541 2949 cigenae
556 2875 690 2932 tentam
709 2874 942 2947 conceperunt
958 2868 1179 2932 securitatem
1197 2867 1232 2930 in
1251 2886 1359 2932 causa

408 2986 476 3030 sua
505 2964 694 3041 obtinendi,
726 2971 765 3026 ut
792 2964 1018 3029 referentibus
1053 2967 1119 3030 sibi
1153 2966 1282 3030 nuntiis
1317 2967 1359 3031 de

410 3063 564 3129 adventu
589 3063 863 3126 adversariorum
888 3084 1017 3128 sannas
1043 3065 1225 3129 redderent
1246 3074 1282 3131 et
1301 3085 1359 3130 ca-

410 3160 568 3238 chinnos,
600 3180 669 3225 non
698 3171 873 3226 cessantes
901 3183 947 3228 ex
973 3164 1199 3246 mangonellis
1227 3164 1359 3247 lapides

412 3248 597 3326 damnosos
625 3261 805 3344 projicere,
828 3268 867 3326 ut
887 3262 1020 3328 castelli
1048 3283 1163 3327 muros
1190 3263 1358 3328 dissolve-

409 3368 500 3425 rent.
552 3359 642 3424 Sane
666 3360 841 3425 Robertus
859 3362 1118 3427 tilius-Walteri
1137 3372 1172 3427 et
1188 3362 1224 3427 S.
1245 3382 1360 3428 comes

412 3458 674 3535 Wintoniensis,
706 3478 784 3523 cum
816 3462 995 3525 audissent
1024 3461 1140 3526 hostes
1174 3463 1361 3545 appropin-

413 3578 520 3640 quare
550 3558 594 3622 ad
623 3559 810 3636 civitatem,
839 3561 999 3624 exierunt
1024 3562 1068 3624 ab
1095 3562 1189 3638 urbe,
1213 3570 1252 3625 nt
1279 3581 1361 3644 pro·

410 3679 569 3739 gressum
592 3677 708 3722 eorum
729 3659 937 3740 inspicerent
956 3668 992 3723 et
1009 3660 1214 3724 bellatorum
1241 3681 1360 3724 nume-

410 3778 488 3821 rum
520 3757 758 3835 aestimarent;
789 3758 861 3840 qni,
891 3779 969 3822 cum
999 3759 1182 3840 diligenter
1210 3759 1361 3824 hostiurn

412 3857 673 3923 adventantium
696 3857 955 3925 circumstantia
987 3860 1261 3939 conspexissent,
1284 3860 1362 3923 red·

410 3955 526 4024 ierunt
547 3958 583 4021 in
610 3959 728 4021 urbem
752 3957 796 4021 ad
821 3958 945 4034 socios,
973 3958 1138 4035 dicentes,
1166 3957 1361 4023 ‘Ordinate

411 4054 602 4134 procedunt
634 4063 754 4121 contra
788 4076 851 4121 nos
885 4057 1069 4121 bellatores
1103 4058 1175 4134 isti,
1206 4058 1266 4122 sed
1298 4078 1362 4123 nos

408 4161 526 4220 tamen
547 4153 656 4216 multo
677 4154 792 4236 plures
814 4175 933 4218 sumus
952 4176 1054 4238 quam
1076 4157 1149 4234 illi;
1175 4157 1264 4221 unde
1279 4178 1361 4222 con-
