2978 4996
401 477 543 527 anonas
567 477 837 529 nrsroarnnun.
1023 462 1089 530 293

137 636 203 700 bus
216 634 283 698 hoc
296 635 416 699 ordine
428 637 474 700 sit
488 637 658 719 privatus,
673 655 788 716 regern
802 635 913 699 adhuc
927 637 1085 717 persequi
1100 652 1221 694 alt-12³4·

139 754 207 799 uon
231 734 373 812 omittit,
403 736 464 799 sed
489 737 524 798 in
549 737 687 817 incepta
709 743 830 798 contra
852 754 929 797 eum
952 734 1086 799 malitia

137 841 348 917 perseverat.
371 840 381 869 ‘
396 834 638 915 significamus
650 853 733 915 ergo
749 835 857 909 vobis,
872 841 911 896 ut
926 833 1083 897 fidelibus

137 933 266 997 domiui
288 934 380 1014 regis
397 942 433 996 et
447 934 589 1016 juratis,
608 942 792 1015 quatenus,
812 934 841 996 si
861 951 943 996 casu
961 934 996 995 in
1016 932 1084 996 Hi·

139 1033 290 1096 berniam
314 1033 459 1107 venerit,
490 1032 586 1095 illum
613 1033 666 1096 vel
690 1033 806 1097 vivum
830 1032 884 1095 vel
910 1040 1083 1095 mortuum

137 1131 422 1212 comprehensum
445 1132 517 1211 regi
539 1139 750 1213 praesentare
770 1131 995 1213 corporaliter
1012 1140 1084 1194 stu-

139 1230 274 1308 deatis3
303 1229 395 1311 quod
418 1229 448 1292 si
470 1230 583 1292 facere
605 1231 819 1308 curaveritis,
843 1238 950 1294 totam
973 1229 1083 1292 heere·

139 1328 284 1394 ditatem
301 1329 377 1411 ejus
402 1336 436 1391 et
454 1329 690 1410 possessiones
714 1329 756 1393 de
775 1339 866 1393 terra
892 1328 1082 1405 Hiberniae,

137 1447 216 1510 quae
235 1447 325 1491 nunc
345 1429 379 1489 in
398 1427 576 1492 voluntate
591 1427 719 1490 domini
739 1429 829 1509 regis
850 1434 944 1503 sunt,
961 1447 1082 1490 conce-

137 1526 198 1590 det
216 1527 313 1591 vobis
335 1527 508 1589 intervos
530 1526 731 1589 dividendas
752 1535 786 1590 et
799 1527 878 1610 jure
901 1526 1082 1590 haeredita·

138 1626 191 1688 rio
212 1624 448 1707 possidendas.
501 1625 613 1706 Super
640 1625 704 1687 bac
730 1624 859 1688 domini
886 1625 976 1706 regis
1006 1646 1082 1706 pro·

138 1724 300 1787 missione
322 1722 468 1785 fideliter
486 1724 583 1785 vobis
601 1723 749 1787 tenenda
772 1743 834 1787 nos
854 1743 982 1799 omnes,
998 1744 1083 1805 quo·

137 1842 214 1886 rum
234 1822 377 1885 consilio
398 1840 459 1884 rex
482 1828 517 1884 et
533 1840 676 1902 regnum
699 1820 841 1902 regitur,
862 1821 1082 1903 fidejussores

137 1921 391 1996 constituimus,
414 1921 444 1983 si
461 1940 532 1983 rem
555 1927 786 2002 praetaxatam
809 1920 995 2003 perducere
1023 1940 1082 1983 cu·

138 2020 297 2084 raveritis
313 2020 357 2084 ad
376 2019 545 2084 effectum.
586 2017 735 2083 Valete.’

157 2187 250 2261 Quod
255 2210 397 2272 proceres
411 2188 570 2254 Hibernia
583 2210 755 2254 anensem
770 2189 851 2275 repis
868 2189 1062 2256 consiliariis

524 2288 690 2373 prebuere.

189 2407 278 2473 Cum
300 2409 407 2492 igitur
427 2413 605 2477 audissent
627 2413 807 2478 Hiberniae
833 2434 992 2495 proceres
1015 2435 1082 2480 me·
1096 2440 1238 2489 areatas,

136 2510 262 2572 morati
278 2518 430 2575 tenorem
446 2512 634 2589 literarum,
651 2514 929 2596 concupiscentia
942 2516 1083 2579 subver·
1096 2491 1182 2579 {1¹2in
1184 2490 1197 2528 ¹¹

137 2607 181 2672 tit
196 2609 409 2690 singulorum
426 2611 541 2688 corda,
559 2619 593 2675 et
608 2613 847 2695 conspirantes
872 2614 915 2676 ad
936 2615 1082 2677 invicem

138 2709 280 2771 nuutios
300 2709 386 2774 clam
406 2730 483 2773 cum
502 2710 611 2775 literis
636 2712 679 2773 ad
705 2712 867 2792 praefatos
890 2713 981 2793 regis
1003 2706 1084 2775 con-

137 2805 287 2871 siliarios
304 2811 579 2885 transmiserunt,
596 2811 832 2891 significantes
847 2811 915 2872 illis
930 2830 1082 2873 eommu-

139 2905 228 2969 niter
249 2908 363 2988 sigillo
387 2910 522 2984 secreti,
542 2909 646 2990 quod,
665 2910 694 2972 si
715 2908 897 2992 promissio
918 2909 953 2970 in
974 2909 1082 2972 literis

138 3013 303 3069 contenta
317 3027 378 3089 per
390 3008 545 3070 chartam
561 3009 652 3088 regis
666 3007 928 3073 confirmaretur
942 3008 1082 3085 eisdem,

137 3102 203 3185 ipsi
230 3124 301 3168 rem
326 3107 549 3188 praelocutam
572 3107 616 3170 ad
641 3107 798 3172 effectum
819 3108 1005 3189 perducere
1024 3125 1081 3170 co-

139 3212 315 3268 narentur.
368 3204 467 3268 Tuuc
485 3206 671 3270 consiliarii
694 3227 786 3289 saepe
808 3207 890 3270 dicti
910 3226 970 3288 per
985 3206 1083 3269 char-

142 3310 213 3366 tam
230 3305 321 3384 regis
337 3305 555 3385 magnatibus
571 3305 639 3367 illis
654 3307 770 3369 omnia
788 3305 986 3370 Marescalli
1001 3305 1084 3391 jura

141 3400 319 3465 Hiberniae
348 3404 438 3466 inter
461 3423 499 3467 se
521 3404 705 3467 dividenda
730 3415 987 3480 concesserunt,
1014 3409 1082 3469 sin·

139 3500 299 3582 guiorum
328 3500 415 3576 loca,
438 3503 672 3583 possessiones
698 3511 734 3567 et
748 3504 830 3588 jura
851 3506 997 3585 singulis
1020 3523 1082 3566 ex·

137 3601 335 3681 primentes.
412 3599 568 3682 Cumque
604 3602 742 3665 taudem
783 3602 848 3666 boc
889 3602 1083 3664 damnabile

138 3691 321 3780 scriptum¹
345 3699 388 3762 ad
408 3699 601 3780 proditores
623 3700 848 3783 nequissimos
866 3700 901 3761 in
921 3698 1084 3762 Hiberni-

139 3816 194 3862 am
211 3798 436 3879 pervenisset,
453 3798 679 3862 confoederati
697 3806 779 3862 sunt
796 3798 964 3879 pretioue,
980 3798 1083 3860 inter-

135 3896 250 3978 posito
270 3896 482 3978 juramento,
507 3898 600 3979 quod
625 3898 701 3961 visa
726 3897 987 3979 opportunitate
1013 3916 1083 3958 rem

137 3995 375 4060 detestabilem
397 4003 663 4079 perpetrarent;
696 4003 731 4059 et
753 3994 942 4059 conflantes
969 3997 1005 4059 in
1032 3995 1083 4056 in-

227 4193 235 4226 ¹
248 4196 396 4260 Scriptum]
418 4198 494 4247 Paris
511 4196 585 4259 adds,
602 4196 610 4225 ‘
622 4196 707 4260 sigillo
718 4195 788 4260 regio
799 4196 999 4246 communitum!
