2978 4996
472 437 611 486 enonas
636 438 903 486 uisroumnun.
1099 424 1165 488 175

211 603 352 660 ventum
383 596 420 658 in
453 595 589 679 Syriam
619 595 853 676 cognovisset,
878 597 973 662 misit
1001 598 1033 661 ei
1057 600 1163 662 xenia
1175 613 1228 653 sn·
1240 610 1298 653 ¹²2⁸·

209 695 320 759 multa
341 703 377 759 et
394 696 546 778 pretiosa
568 696 605 758 in
623 714 708 758 auro
732 701 768 758 et
791 703 949 777 argento,
975 696 1010 759 in
1037 699 1163 780 pannis

210 796 329 859 sericis
356 803 391 859 et
413 795 586 877 lapidibus
612 794 786 877 pretiosis,
809 795 845 857 in
869 796 1010 859 camelis
1035 806 1070 861 et
1095 799 1163 861 ele-

211 894 364 976 phantie,
381 896 416 957 in
431 896 520 957 ursis
538 902 574 957 et
590 894 712 970 simiis,
728 901 764 956 et
779 893 857 956 aliis
876 896 978 958 rebus
1000 896 1162 970 mirificis,

210 994 334 1076 quibus
370 993 529 1057 omnibus
560 994 719 1074 regiones
755 993 933 1058 abstinent
963 995 1162 1059 occidentis.

214 1092 354 1157 Invenit
383 1100 498 1156 autem
526 1092 726 1174 imperator,
753 1099 907 1173 tempore
940 1113 1009 1176 quo
1038 1092 1163 1158 Aehon

213 1193 393 1274 applicuit,
416 1193 589 1275 principes
612 1200 647 1255 et
670 1199 820 1254 rectores
843 1194 1017 1255 exercitus
1044 1193 1164 1276 populi

197 1290 413 1366 -Cbristiaui,
453 1289 574 1354 ducem
614 1291 656 1354 de
692 1291 901 1373 Leinburgo,
932 1293 1163 1373 patriarcham

213 1390 583 1472 Hierosolymitanum,
607 1390 884 1473 archiepiscopos
915 1390 1164 1468 Nazarensem,

214 1488 463 1554 Caesariensem
504 1496 539 1553 et
570 1488 843 1565 Narbonensem,
878 1491 1060 1573 episcopos
1090 1491 1165 1555 Au·

214 1589 294 1670 glire
323 1588 599 1652 Wintouiensem
633 1596 668 1652 et
699 1588 944 1666 Exoniensem,
976 1592 1164 1672 magistros

215 1687 412 1768 Hospitalis
434 1695 469 1751 et
489 1688 621 1751 militiae
642 1687 777 1768 Templi
802 1695 837 1750 et
855 1688 1052 1771 Hospitalis
1071 1690 1164 1753 Teu-

215 1787 420 1863 tonicorum,
453 1787 512 1868 qui
548 1794 721 1868 praeerant
756 1786 964 1866 octingentis
996 1788 1163 1852 militibus

214 1886 405 1968 peregrinis
444 1893 481 1949 et
517 1885 690 1968 peditibus
723 1885 823 1967 quasi
861 1885 978 1948 decem
1013 1886 1164 1950 millibus

214 1984 257 2049 de
290 1985 436 2049 diversis
471 1985 590 2047 mundi
625 1985 784 2066 partibus
819 1986 1062 2065 congregatis3
1106 1988 1165 2068 qui

213 2104 333 2148 omnes
360 2084 436 2166 pari
459 2083 642 2148 devotione
665 2084 760 2148 ducti
790 2082 986 2147 Caesaream
1013 2092 1047 2148 et
1071 2103 1166 2166 quae·

215 2183 295 2247 dam
310 2184 507 2246 munierant
520 2182 676 2259 castella,
693 2185 744 2246 ita
761 2182 852 2266 quod
874 2182 959 2246 nibil
977 2182 1086 2247 deluit
1103 2186 1164 2262 eis,

215 2283 283 2346 nisi
310 2290 351 2346 ut
372 2281 511 2364 Joppen
537 2289 782 2358 restaurarent,
809 2283 919 2348 etsie
946 2283 983 2345 iu
1008 2290 1165 2347 sanctam

216 2381 397 2446 tenderent
413 2382 602 2445 civitatem.
628 2375 839 2463 ¹Imperator
855 2383 985 2465 itaque,
1000 2402 1078 2446 cum
1093 2391 1165 2447 sta-

215 2489 290 2545 tum
307 2487 409 2544 terrae
425 2489 557 2544 sanctae
575 2482 806 2562 cognovisset,
829 2482 1036 2564 approbavit
1060 2483 1166 2565 pluri-

215 2598 309 2643 mum
337 2581 596 2662 peregrinorum
618 2581 855 2664 propositum;
889 2590 936 2657 et,
960 2583 1165 2663 praeparatis

215 2680 374 2743 omnibus
404 2678 447 2742 ad
473 2679 764 2761 progrediendum
789 2680 1005 2756 necessariis,
1026 2699 1165 2761 proces-

217 2787 336 2844 serunt
364 2777 521 2856 feliciter,
555 2780 687 2861 praevio
721 2781 940 2861 imperatore,
973 2786 1009 2841 et
1034 2778 1166 2842 decimo

215 2877 363 2960 septimo
387 2876 555 2942 kalendas
586 2879 786 2942 Decembris
813 2877 905 2960 apud
927 2875 951 2940 J
954 2896 1067 2959 oppen
1089 2897 1166 2960 pro-

216 2996 317 3060 spere
333 2984 575 3059 perveuerunt.
607 2978 674 3041 Sed
691 2976 852 3060 quoniam
871 2978 1108 3058 unusquisque
1125 2976 1166 3040 de

216 3077 372 3141 exercitu
395 3078 591 3140 necessaria
612 3078 725 3141 victus
751 3075 795 3139 ad
820 3075 893 3139 dies
911 3076 1077 3159 plurimos
1101 3077 1166 3140 sibi

216 3185 252 3241 et
282 3176 488 3259 equitaturis
517 3178 590 3239 suis
619 3196 697 3240 cum
729 3176 924 3240 summariis
952 3196 1013 3259 per
1039 3183 1166 3241 terram

215 3283 355 3358 portare
386 3275 553 3357 nequivit,
586 3284 621 3339 et
649 3277 847 3358 specialiter
873 3283 1015 3358 propter
1035 3276 1100 3340 hoc
1131 3277 1166 3339 in

215 3383 320 3458 portu
333 3373 531 3438 Acbonensi
550 3395 657 3439 naves
672 3382 789 3439 essent
806 3383 950 3457 paratae,
964 3394 1043 3458 quae
1054 3378 1167 3440 victu·

216 3474 322 3538 alium
338 3475 472 3556 copiam
488 3476 656 3539 exercitui
675 3475 809 3538 adferre
827 3475 1010 3552 debebant,
1026 3483 1167 3557 repente

215 3575 358 3638 suborta
378 3581 585 3655 tempestate
609 3581 645 3637 et
658 3593 765 3655 supra
787 3573 924 3637 modum
945 3575 1166 3636 tumescenti·

215 3672 281 3737 bus
308 3673 479 3755 procellis,
511 3693 573 3755 per
600 3681 733 3756 septem
760 3673 833 3735 dies
859 3671 1042 3735 continuos
1069 3691 1167 3754 pere-

216 3773 325 3853 grinis
344 3772 475 3836 Christi
498 3772 663 3837 victualia
684 3772 822 3835 fuerant
844 3769 1037 3834 interdicta.
1081 3770 1168 3834 Erat

215 3879 332 3936 autem
349 3879 433 3936 tunc
450 3873 553 3935 timor
570 3891 716 3952 magnus
733 3872 823 3934 inter
839 3869 978 3946 multos,
995 3888 1038 3931 ne
1055 3870 1166 3932 iratus

216 3970 389 4035 Dominus
411 3970 577 4054 populum
599 3990 701 4034 suum
723 3971 837 4034 delere
855 3967 960 4032 vellet
982 3969 1024 4031 de
1047 3988 1167 4051 super·

252 4149 406 4216 ¹lrnperntor
417 4150 519 4215 itaque]
540 4152 665 4216 Compare
676 4152 719 4202 the
730 4158 837 4203 account
848 4152 881 4213 by
890 4151 984 4202 iliade
993 4152 1020 4203 S.
1027 4151 1156 4204 Germano
1160 4166 1169 4213 ;

217 4221 315 4272 blunt.
327 4223 371 4272 vii.
380 4238 406 4284 p.
420 4226 493 4272 1⁰11.
