2978 4996
469 480 607 530 rnonns
631 481 903 533 ursronrnnuu.
1118 471 1163 535 77

209 659 298 716 mus,
321 639 378 701 uhi
398 639 433 701 in
451 639 603 703 crastino
623 642 735 704 beatae
755 641 899 722 virginis
922 641 1046 705 Mariae
1070 643 1161 706 nati·
1176 660 1230 699 an.
1243 660 1300 700 ¹²²².

209 738 329 803 vitatis
352 738 603 819 applicuimus3
630 746 665 803 et
682 739 718 801 in
733 739 788 802 dio
811 740 970 821 proximo
986 749 1065 823 post
1084 743 1162 805 red·

209 839 282 901 dita
301 836 368 900 fuit
394 837 557 900 Damieta
586 839 630 900 ad
661 836 862 915 Soldanum‚
887 840 1018 921 etipse
1043 860 1162 904 omnes

210 937 367 1000 esclavos
395 956 489 1012 suos,
514 955 601 1018 quos
627 938 780 1013 tenebat,
804 937 1018 1002 deliberavit.
1073 939 1163 1003 Item

211 1036 309 1100 vobis
327 1036 497 1116 significo,
518 1036 609 1117 quod
629 1035 787 1098 dominus
810 1056 871 1099 rex
888 1036 1110 1101 Hierusalem
1127 1039 1163 1101 in

212 1142 328 1216 partes
356 1141 489 1199 vestras
517 1143 682 1198 venturus
709 1143 783 1213 est;
807 1134 885 1198 ideo
908 1137 1006 1199 vobis
1031 1157 1164 1218 precor,

211 1234 302 1315 quod
319 1252 424 1315 super
438 1233 609 1316 promissa
627 1234 658 1295 ci
674 1233 768 1296 sacta
785 1253 870 1315 erga
889 1254 1005 1315 regem
1023 1243 1059 1298 et
1074 1235 1162 1299 alios

211 1340 391 1412 magnates
432 1331 600 1395 auxilium
639 1332 836 1414 praebeatiS,
881 1333 1033 1397 debitum
1072 1334 1161 1397 enim

212 1430 288 1512 ejus
308 1438 379 1494 tam
398 1450 562 1512 magnum
585 1431 750 1514 estquod
773 1431 896 1495 mirum
919 1441 973 1497 est
990 1452 1163 1496 errarrare.

212 1529 362 1593 Valetess

444 1707 524 1769 Item
541 1704 610 1769 alth
626 1705 752 1791 anatole
767 1705 804 1769 da
817 1706 927 1769 aedona

264 1833 275 1865 ‘
287 1829 412 1893 Frater
441 1826 483 1892 P.
505 1829 547 1892 de
577 1828 833 1905 Monte-acuto,
855 1828 1002 1892 militum
1028 1829 1165 1911 Templi
1177 1846 1249 1886 noun
1259 1845 1314 1887 cmm

1177 1897 1214 1935 the
1222 1903 1301 1935 muter

214 1930 380 2010 magister
413 1928 565 2004 humilis,
591 1928 718 1990 dilecto
747 1925 846 1989 fratri
874 1928 910 1990 iu
940 1927 1091 2004 Christo,
1117 1926 1162 1991 A.
1176 1945 1301 2044 paphon

216 2026 355 2102 Martel‚
392 2027 503 2090 locum
539 2026 763 2108 praeceptoris
793 2025 924 2088 tenenti
953 2027 989 2088 in
1023 2025 1163 2107 Arpha,
1177 2044 1330 2134 {pomp

216 2127 375 2191 salutem.
410 2125 487 2188 Etsi
502 2125 709 2207 quandoque
726 2143 903 2207 prospera,
918 2143 996 2206 quae
1014 2125 1113 2187 nobis
1129 2145 1163 2187 m
1177 2144 1277 2183 annii·

216 2226 356 2307 negotio
378 2224 401 2288 J
404 2244 466 2288 esu
493 2223 624 2287 Christi
650 2222 891 2299 succedebant,
910 2224 1007 2287 vobis
1034 2193 1293 2305 signifi-iffi&

215 2325 383 2400 cavimus,
405 2343 497 2386 nunc
520 2322 674 2399 sinistra,
696 2323 848 2405 peccatis
872 2323 999 2386 nostris
1023 2325 1165 2405 exigens

216 2425 320 2499 tibus,
348 2423 384 2486 in
415 2429 507 2486 terra
535 2421 682 2504 AEgypti
708 2421 806 2485 nohis
833 2421 976 2498 indicta,
1004 2424 1167 2504 praesenti

216 2522 314 2586 vohis
345 2521 474 2603 scripto
502 2521 692 2584 secundum
715 2520 764 2583 rei
792 2522 914 2584 seriem
938 2521 1166 2586 declaramus.

216 2621 308 2685 Sane
350 2640 428 2684 cum
464 2629 545 2702 post
584 2626 721 2701 captam
762 2618 959 2684 Damietam
994 2623 1168 2685 exercitus

218 2720 436 2785 Christianus
460 2719 532 2782 otio
554 2719 680 2781 ibidem
707 2725 861 2799 temporo
887 2717 992 2799 longo
1015 2730 1168 2795 vacaret,

217 2839 304 2901 gens
336 2825 407 2881 tam
442 2817 627 2880 cismarina
667 2836 770 2898 quam
804 2816 1035 2880 transmarina
1064 2837 1169 2899 super

217 2919 283 2982 hoc
305 2917 404 2981 nohis
424 2917 577 2980 convitia
603 2925 638 2979 et
655 2915 917 2995 redargutiones
936 2915 1094 2978 assiduas
1114 2916 1167 2978 in-

220 3017 376 3094 ferebat3
400 3016 541 3080 veniens
560 3013 667 3096 igitur
686 3013 758 3077 dux
777 3013 962 3091 Balvariae,
982 3013 1094 3077 locum
1119 3021 1169 3077 te·

220 3135 305 3180 nens
327 3114 557 3197 imperatoris,
578 3113 772 3176 hominibus
795 3113 959 3195 patefecit
978 3132 1016 3176 se
1036 3114 1080 3176 ad
1103 3114 1168 3177 hoc

219 3215 368 3290 venisse,
386 3222 425 3277 ut
441 3219 660 3294 expugnaret
677 3213 832 3277 inimicos
856 3213 933 3275 fidei
952 3212 1168 3276 Christianae.

221 3313 487 3395 Habitoigitur
513 3331 618 3393 super
643 3311 708 3374 hoc
734 3311 877 3376 consilio
901 3310 1030 3375 domini
1051 3313 1170 3394 legati,

220 3413 319 3476 ducis
337 3411 524 3486 Balvariae,
539 3411 784 3491 magistrorum
801 3409 938 3493 Templi
956 3418 991 3475 ct
1004 3409 1171 3494 Hospita-

219 3512 262 3576 lis
280 3530 321 3574 ac
335 3511 456 3575 domus
467 3509 749 3586 Teutouicorum,
762 3509 937 3585 comitum,
955 3512 1123 3573 baronum
1136 3520 1171 3574 et

220 3611 365 3674 aliorum
392 3608 556 3684 omnium,
581 3627 685 3689 super
710 3627 896 3691 progressu
917 3608 1074 3671 faciendo
1097 3627 1170 3670 om·

220 3730 281 3774 nes
293 3709 501 3772 unanimiter
514 3713 773 3770 consenserunt.
807 3705 959 3770 Illustris
976 3714 1092 3769 autem
1108 3726 1170 3769 rex

220 3806 560 3891 Hierosolymitanus
588 3813 732 3869 vocatus
759 3805 855 3868 venit
879 3824 958 3867 cum
984 3805 1170 3867 baronibus

219 3908 293 3971 suis
315 3913 351 3969 ct
370 3906 492 3987 galeiis
516 3905 729 3986 navibusque
751 3904 893 3966 armatis
916 3902 1008 3984 apud
1032 3904 1172 3966 Damie·

220 4015 304 4082 tam,
326 4005 505 4068 inveniens
530 4005 719 4067 exercitum
738 4001 1013 4066 Christianorum
1036 4003 1073 4064 in
1097 4010 1171 4065 ten·

220 4106 319 4169 toriis
334 4112 436 4167 extra
450 4102 548 4166 licias
564 4102 788 4166 habitantem.
842 4099 929 4164 Post
947 4101 1071 4164 festum
1090 4122 1172 4166 vero

220 4203 459 4286 apostolorum
483 4199 579 4266 Petri
600 4209 635 4266 et
654 4200 767 4277 Pauli,
792 4200 950 4264 dominus
975 4220 1038 4265 rex
1063 4209 1098 4266 et
1123 4201 1172 4265 le-
