2978 4996
368 441 435 506 332
626 453 761 502 nocam
786 452 831 500 ou
855 450 1062 499 wssnuovun
1121 413 1125 420 ’

209 627 331 671 A·⁰·¹²³⁵·
370 635 408 679 se
430 614 578 695 erigeret
600 611 775 676 confidens
792 609 827 672 in
852 609 1015 683 Domino,
1040 617 1222 691 coeperunt
1244 629 1322 674 ossa

370 716 446 798 ejus
470 722 506 776 et
523 712 619 775 nervi
642 711 723 773 dum
749 717 907 790 surgeret
928 709 979 771 ita
1001 709 1117 772 subito
1141 710 1322 790 crepitare,

371 823 410 877 ut
425 813 535 875 visum
554 812 600 874 sit
617 810 848 884 adstantibus,
858 807 949 890 quod
967 807 1081 871 omnia
1099 827 1180 872 ossa
1195 809 1272 892 ejus
1288 809 1323 872 iu

371 914 483 975 frusta
500 910 712 974 comminuta
729 908 896 986 luissent3
923 916 958 971 et
975 908 1024 970 sic
1040 907 1164 971 mulier
1180 910 1322 972 sanitati

371 1012 527 1093 pristiuae
548 1010 710 1073 restituta
729 1008 813 1071 abiit
830 1007 865 1069 in
884 1007 1022 1070 domum
1045 1026 1144 1070 suam
1162 1008 1323 1070 exultans

371 1119 407 1174 et
430 1109 656 1190 magnificans
682 1107 808 1183 Deum,
826 1107 885 1188 qui
903 1105 1008 1169 talem
1029 1124 1130 1169 servo
1152 1126 1216 1171 suo
1241 1126 1322 1171 con·

372 1210 451 1272 tulit
470 1203 706 1291 ¹potestatem.

419 1381 507 1460 Quod
522 1382 692 1465 imperator
706 1401 838 1444 sororem
854 1380 934 1464 repis
950 1379 1076 1464 Anpliae
1085 1379 1273 1464 postulavit.

211 1518 276 1557 Thoe
264 1526 336 1606 {¹⁰3¹
337 1528 360 1557 or
424 1505 553 1567 Eodem
570 1524 674 1580 anuo,
693 1523 810 1568 meuse
828 1504 1029 1580 Februario,
1044 1513 1214 1567 venerunt
1230 1504 1322 1586 apud

210 1568 334 1706 imin
373 1604 720 1667 westmonasterium
747 1603 816 1666 duo
839 1602 1027 1684 Templarii
1050 1621 1126 1664 curn
1151 1603 1321 1667 militibus

211 1717 321 1766 mame
373 1711 408 1766 et
435 1703 513 1766 aliis
540 1703 670 1766 nuntiis
698 1702 908 1765 solemnibus
933 1703 977 1764 ab
1004 1703 1212 1815 imperatore
1240 1702 1324 1766 Fre·

373 1800 487 1867 derico
511 1801 553 1864 ad
580 1822 695 1883 regem
718 1801 912 1882 Anglorum
935 1800 1043 1877 missi,
1063 1801 1211 1864 serentes
1228 1795 1323 1865 'lite-

373 1921 430 1965 ras
462 1903 572 1985 ipsius
602 1921 687 1964 auro
718 1900 881 1975 bullatas,
909 1901 944 1963 in
976 1900 1101 1982 quibus
1131 1900 1323 1982 postularit

374 2001 489 2066 lsabel
517 2021 668 2064 sororem
695 2000 785 2081 regis
814 2000 879 2063 sibi
907 2000 1126 2063 matrimonio
1153 2000 1321 2082 copulan-

372 2101 464 2165 dam.
517 2100 706 2163 Venientes
729 2106 844 2162 autem
866 2099 1013 2180 septimo
1034 2097 1203 2162 kalendas
1223 2099 1322 2163 Mar·

372 2201 412 2263 tii
435 2199 477 2261 ad
503 2218 618 2277 regem
651 2198 825 2279 petierunt
848 2197 1025 2261 literarum
1052 2205 1088 2262 et
1107 2217 1180 2261 suae
1202 2206 1321 2280 postu-

372 2297 512 2360 lationis
543 2316 743 2378 responsum
774 2297 839 2360 sibi
867 2296 953 2372 dari,
979 2306 1018 2361 ut
1042 2297 1134 2379 regis
1160 2298 1320 2362 volunta·

373 2404 442 2459 tem
456 2396 594 2458 domino
610 2396 809 2477 imperatori
823 2403 965 2478 possent
977 2396 1134 2460 celeriter
1146 2398 1319 2462 nuntiare.

374 2493 454 2557 Rex
480 2503 596 2557 autem
619 2493 812 2576 Anglorum
838 2494 1058 2577 superdicto
1083 2497 1224 2578 negotio
1250 2495 1320 2560 sol·

373 2594 489 2658 licitus
518 2613 595 2657 cum
624 2594 796 2676 episcopis
828 2603 863 2658 et
890 2594 987 2675 regui
1015 2595 1069 2658 sui
1097 2596 1320 2677 magnatibus

373 2696 480 2777 coepit
509 2700 658 2757 tractare
684 2713 745 2776 per
770 2694 934 2771 triduum,
957 2692 1018 2776 qui
1041 2713 1112 2757 rem
1135 2694 1321 2776 diligenter

373 2795 611 2857 examinantes
635 2794 669 2856 in
691 2793 757 2856 boc
773 2794 981 2856 unanimiter
1002 2803 1263 2872 consenserunt,
1280 2803 1320 2860 ut

372 2894 488 2975 puella
505 2892 704 2974 imperatori
721 2891 862 2956 daretur
877 2914 886 2971 ;
912 2901 947 2957 et
964 2893 1014 2956 sio
1031 2894 1134 2957 tertio
1149 2892 1320 2958 kalendas

373 2993 492 3057 Martii
506 2986 735 3073 ³respondens
750 2992 1004 3055 matrimonium
1020 2994 1166 3075 petitum
1182 3012 1321 3058 conces-

371 3093 428 3156 sit.
482 3091 530 3155 At
552 3092 664 3155 nuntii
689 3111 767 3154 cum
788 3091 1034 3172 postulassent,
1055 3101 1094 3156 ut
1110 3092 1176 3155 sibi
1199 3093 1320 3159 liceret

369 3191 518 3272 puellam
537 3190 665 3266 videre,
689 3191 782 3253 misit
797 3209 860 3253 rex
877 3190 1012 3271 legatos
1035 3190 1102 3255 lide
1115 3192 1239 3273 dignos
1255 3213 1320 3277 pro

369 3308 487 3351 sorore
508 3308 571 3351 sua
591 3290 633 3351 ad
654 3290 773 3353 turrim
789 3289 1056 3367 Londoniarum‚
1073 3292 1131 3355 ubi
1149 3293 1215 3356 sub
1230 3294 1321 3376 vigi·

368 3387 456 3451 lanti
469 3387 626 3451 custodia
643 3390 867 3468 servabatur;
895 3408 998 3471 quam
1015 3400 1213 3457 reverenter
1224 3393 1318 3476 apud

368 3487 716 3552 Westmonasterium
742 3488 969 3571 perducentes
994 3491 1240 3574 inpraesentia
1264 3512 1318 3558 re·

367 3589 434 3669 gis,
452 3587 615 3671 puellam,
634 3588 833 3651 vicesimum
856 3588 1001 3670 primum
1021 3592 1136 3654 aetatis
1155 3598 1317 3674 agentem

404 3783 412 3816 ¹
428 3787 586 3836 Potertotem
596 3780 610 3853 ]
637 3785 707 3834 llere
728 3784 828 3834 follows
853 3789 971 3849 printed
964 3804 989 3838 m
1001 3791 1134 3855 llymeni.
1145 3807 1171 3855 p.
1183 3797 1242 3855 220,
1252 3793 1317 3843 witin

367 3857 392 3904 iu
413 3856 488 3904 Paris
504 3872 520 3905 a
536 3871 604 3904 more
620 3854 668 3905 lull
685 3859 792 3904 account
803 3854 832 3903 ol
853 3860 1108 3912 arecommendstion
1120 3863 1182 3911 from
1195 3863 1238 3913 the
1249 3879 1318 3927 pope

367 3926 409 3973 the
428 3927 534 3974 electiou
554 3925 584 3974 oi
601 3925 643 3974 the
663 3925 740 3974 abbot
755 3923 785 3972 ol
801 3924 828 3974 S.
853 3926 1183 3994 intbeemperor'.sbeheli

368 3996 485 4057 Albnn',s
506 3997 649 4057 containing
677 3994 719 4043 the
747 4007 829 4043 corre·

367 4065 510 4126 spondente
529 4066 592 4114 with
609 4065 651 4115 tbe
674 4078 739 4127 pope
760 4079 827 4126 upon
888 4057 1088 4131 ³Resporrdenr.]
1108 4061 1203 4113 litai.
1214 4077 1241 4124 p
1253 4066 1318 4124 nh

366 4133 408 4182 the
420 4136 526 4197 subject.
853 4146 896 4180 see
907 4132 961 4180 also
972 4132 1015 4181 the
1025 4133 1149 4195 mariage
1166 4139 1281 4183 connect
1291 4138 1319 4183 at

400 4200 520 4253 'Literna
546 4198 657 4271 ipsius]
690 4204 761 4267 They
784 4218 827 4254 ara
851 4202 950 4264 length,
963 4217 988 4265 p.
1000 4205 1057 4252 ηδ.
