2978 4996
367 445 433 511 176
628 459 762 507 nonum
786 460 833 507 uu
856 457 1064 507 vvnrvoovun

206 638 329 680 roura
366 621 442 684 licie
468 626 594 697 terrae3
628 618 689 682 sed
712 617 894 682 ineffabilis
920 615 1103 681 clementia
1132 614 1211 691 Dei,
1237 632 1318 696 quaa

366 719 534 783 neminem
552 718 714 800 temptari
733 718 908 799 permittet
919 717 1012 780 ultra
1029 734 1133 798 quam
1147 714 1320 777 sustinere

367 826 494 902 potest,
517 818 657 882 tandem
685 815 892 881 clamoribus
916 815 1143 898 lachrymosis
1164 813 1318 877 fidelium

368 919 542 982 excitatus
565 916 750 999 imperavit
771 916 884 979 ventis
911 922 947 978 et
975 914 1062 978 mari
1085 920 1121 977 et
1147 913 1243 976 iacta
1265 918 1320 975 est

369 1016 603 1099 tranquillitas
631 1034 771 1096 magna,
796 1022 832 1078 et
859 1015 1036 1090 continuo,
1069 1012 1216 1075 ducente
1245 1010 1319 1074 Do-

370 1117 472 1192 mino,
488 1117 585 1179 venit
605 1115 697 1198 apud
712 1113 735 1178 J
738 1133 852 1196 oppen
874 1113 1055 1176 innumera
1070 1112 1209 1175 navium
1233 1109 1319 1173 mul·

371 1216 483 1279 titudo
502 1233 580 1279 cum
601 1215 733 1294 ingenti
755 1213 857 1295 eopia
871 1212 1033 1276 tiumeuti
1053 1219 1088 1275 et
1101 1210 1233 1285 hordei,
1246 1207 1319 1271 vini

370 1323 405 1379 et
422 1315 514 1378 omni
537 1332 664 1395 genere
686 1311 899 1388 victualium,
929 1312 980 1374 ita
1002 1309 1095 1393 quod
1117 1308 1318 1372 indeficiens

370 1414 582 1477 abundantia
610 1412 677 1475 fuit
709 1430 845 1494 semper
879 1411 915 1474 in
950 1410 1105 1474 exercitu
1133 1427 1244 1491 usque
1273 1406 1319 1470 ad

369 1513 557 1594 perlectam
571 1510 870 1574 reaedificationem
884 1510 989 1574 castri
1005 1508 1197 1586 memorati,
1214 1512 1318 1591 prout

369 1630 483 1674 rerum
501 1611 689 1673 necessitas
705 1610 879 1693 exigebat.

369 1786 419 1849 De
430 1784 553 1870 Jesaplt,
569 1784 624 1869 qai
638 1783 782 1849 altimum
799 1781 916 1846 dirim
929 1780 1095 1846 adventum
1113 1780 1217 1845 autea
1232 1782 1321 1845 aaut

771 1890 932 1967 semmai.

271 2085 303 2114 a
328 2034 360 2064 a·
423 2007 504 2071 Hoc
533 2007 681 2090 denique
703 2025 794 2071 auno
828 2006 923 2070 veuit
954 2004 991 2068 in
1015 2003 1181 2086 Angliam
1208 2006 1319 2069 archi·

303 2102 310 2116 '
372 2108 553 2190 episcopus
575 2107 715 2189 quidam
738 2106 912 2170 Armeniae
939 2104 1094 2189 majoris,
1120 2105 1236 2186 gratia
1262 2125 1321 2186 pe-

373 2206 630 2288 regrinationis,
652 2212 691 2268 ut
716 2212 913 2268 sauctorum
940 2203 1044 2288 hujus
1066 2204 1218 2284 regionis
1241 2203 1320 2268 reli-

372 2307 472 2387 quias
492 2312 528 2367 et
542 2303 619 2367 loca
639 2303 861 2380 venerabilia,
880 2304 969 2366 sicut
990 2310 1026 2366 et
1040 2322 1102 2385 per
1121 2302 1190 2366 alia
1213 2322 1319 2384 regna

374 2404 514 2478 lecerat,
539 2402 719 2482 visitaret3
754 2403 872 2466 literas
897 2421 1035 2485 quoque
1065 2400 1194 2466 domini
1219 2420 1318 2485 papae

375 2503 419 2565 ad
442 2501 774 2565 commendationem
797 2521 953 2584 personae
980 2520 1053 2565 suae
1074 2501 1158 2565 viris
1180 2502 1317 2584 religio·

374 2601 422 2664 sis
442 2608 477 2664 et
496 2600 649 2682 praelatis
672 2601 913 2665 ecclesiasticis
935 2600 1103 2678 exhibuit,
1120 2607 1161 2664 ut
1176 2601 1220 2665 ab
1237 2599 1320 2684 ipsis

374 2719 451 2763 cum
478 2699 595 2764 debita
626 2701 819 2765 reverentia
848 2701 1057 2782 reciperetur
1078 2708 1114 2765 et
1136 2700 1320 2764 honorilice

375 2807 594 2865 tractaretur.
628 2800 699 2863 Hic
715 2798 850 2863 demum
866 2799 957 2882 apud
973 2808 1129 2864 sanctum
1145 2798 1320 2863 Albanum

374 2902 516 2964 veniens
549 2902 593 2964 ab
624 2901 750 2964 abbate
776 2906 811 2963 et
833 2906 1005 2962 conventu
1029 2906 1226 2962 reverenter
1247 2917 1321 2960 sus·

374 3007 496 3082 ceptus
526 3006 591 3075 est,
618 2999 675 3061 ubi
704 3018 782 3061 cum
800 2997 982 3061 abitinere
1007 2998 1176 3079 fatigatus
1201 2997 1246 3060 ob
1267 2998 1320 3060 sui

374 3116 583 3179 suorumque
613 3098 859 3161 recreationem
886 3096 1086 3179 aliquandiu
1118 3097 1322 3178 perendina-

374 3203 439 3272 ret,
461 3196 569 3277 coepit
599 3215 659 3277 per
692 3195 898 3279 interpretes
922 3215 1003 3260 suos
1030 3196 1072 3260 de
1094 3196 1164 3259 ritu
1189 3203 1225 3260 et
1244 3196 1322 3261 reli-

374 3295 477 3375 gione
498 3293 601 3376 hujus
625 3296 748 3376 patriae
768 3295 878 3359 multa
894 3303 929 3359 et
945 3296 1097 3359 moribus
1112 3296 1250 3359 vivendi
1267 3296 1320 3358 iu-

374 3392 521 3476 quirere,
544 3400 580 3456 et
598 3392 641 3456 de
658 3395 815 3476 partibus
838 3395 979 3458 orientis
998 3395 1099 3476 plura
1121 3394 1323 3459 admiranda

375 3493 511 3557 referre.
587 3492 829 3576 Interrogatus
860 3502 975 3558 autem
1000 3494 1090 3557 iuter
1119 3502 1247 3558 caetera
1280 3493 1322 3557 de

374 3590 520 3674 Joseph,
551 3593 625 3656 viro
656 3592 730 3669 illo,
762 3592 804 3657 de
831 3612 900 3675 quo
927 3593 1086 3675 frequens
1117 3612 1229 3657 sermo
1259 3594 1322 3657 ha·

374 3693 474 3756 betur
494 3694 584 3756 inter
602 3690 769 3768 homines,
790 3693 862 3775 qui,
879 3691 1017 3775 quando
1038 3711 1163 3775 passus
1177 3700 1232 3757 est
1249 3693 1324 3758 Do-

374 3792 500 3868 minus,
525 3809 678 3872 praeseus
702 3791 769 3854 fuit
790 3797 825 3854 et
847 3791 984 3856 locutus
1000 3800 1060 3856 est
1082 3811 1159 3856 curn
1186 3811 1239 3870 eo,
1264 3794 1323 3876 qui

375 3890 488 3953 adhuc
516 3890 603 3954 vivit
637 3892 673 3953 in
712 3899 952 3972 argumentum
988 3890 1069 3954 fidei
1104 3890 1324 3969 Christianae,

373 3989 403 4051 si
422 3989 520 4052 illurn
543 3989 731 4073 aliquando
756 3988 881 4054 viderit
905 3991 960 4054 vel
986 3989 1029 4053 de
1055 3989 1115 4053 illo
1139 3991 1323 4073 quicquam

374 4087 534 4163 audierit,
554 4088 732 4170 respondit
757 4109 819 4171 pro
844 4089 1102 4172 archiepiscopo
1126 4089 1225 4152 miles
1249 4090 1324 4172 qui-

373 4183 453 4247 dam
481 4186 524 4248 de
549 4187 681 4250 familia
708 4187 796 4272 ejus,
825 4190 884 4272 qui
914 4191 1085 4271 interpres
1112 4187 1206 4252 illius
1236 4196 1324 4267 erat,
