2978 4996
369 459 435 522 250
623 475 757 522 nocem
783 475 830 522 nn
854 474 1059 523 wnrtnovnn

209 646 331 685 A·1³=¹²³²-
372 633 421 697 At
443 633 566 715 major,
593 633 694 713 signo
719 635 891 697 communi
919 632 1070 713 pulsate,
1091 632 1175 695 fecit
1197 650 1325 696 conve-

372 733 445 793 nire
472 733 636 813 populum
662 733 826 809 civitatis,
849 740 894 807 et,
918 751 1034 796 coram
1059 732 1109 794 eis
1132 733 1225 813 regis
1248 733 1324 795 lite-

371 831 419 893 ris
447 831 617 912 perlectis,
649 833 813 913 proecepit
836 831 1007 907 omnibus,
1035 838 1075 893 nt
1097 832 1325 894 convolarent

371 930 414 992 ad
435 950 531 992 arma
553 938 588 993 et
611 931 742 1011 regium
769 950 903 992 summe
927 949 1028 993 mane
1048 939 1323 1011 exsequerentur

371 1030 533 1092 edictum.
580 1029 683 1092 Cives
713 1038 840 1106 antem,
867 1049 944 1093 cum
977 1029 1174 1111 hujusmodi
1203 1030 1323 1093 literas

371 1129 635 1205 intellexissent,
652 1129 765 1210 gavisi
787 1135 869 1191 sunt
887 1128 999 1205 valde,
1017 1131 1099 1211 quia
1122 1127 1322 1193 Hubertnm

372 1228 509 1292 mortali
531 1222 622 1291 ¹odio
645 1229 935 1309 perstringebant,
957 1229 1045 1291 etin
1067 1229 1220 1291 crastino
1242 1237 1322 1292 ante

373 1328 482 1390 lucem
508 1336 675 1390 exeuntes
697 1329 741 1390 ah
763 1328 848 1390 urbe
869 1328 913 1390 ad
933 1328 1057 1407 viginti
1078 1327 1187 1391 millia
1209 1346 1323 1391 arma·

372 1434 485 1489 terum
516 1446 636 1489 versus
669 1426 877 1490 Meritonam
910 1426 1039 1490 vexilla
1074 1435 1258 1491 moverunt
1287 1435 1322 1491 et

372 1545 481 1600 arma,
508 1534 547 1587 ut
568 1524 768 1589 mandatum
795 1527 927 1608 regium
954 1528 1246 1608 prosequerentur
1272 1527 1322 1590 ef·

372 1625 472 1687 fectu.
520 1624 598 1702 Sed,
617 1623 698 1687 dum
717 1625 790 1690 haec
813 1634 1012 1707 agerentur,
1029 1634 1232 1707 suggestum
1256 1626 1322 1690 fuit

372 1725 445 1807 regi
473 1742 494 1785 a
515 1725 640 1788 comite
664 1725 852 1802 Cestrensi,
876 1724 981 1806 quod,
1007 1725 1038 1787 si
1058 1725 1161 1788 talem
1188 1727 1321 1789 excita·

372 1830 424 1885 ret
454 1822 657 1887 seditionem
689 1825 723 1886 in
747 1825 853 1906 vulgo
887 1826 1113 1888 irrationabili
1145 1833 1182 1888 et
1210 1826 1322 1902 fatuo,

372 1931 489 2004 posset
511 1944 570 1986 rex
596 1924 727 2000 timere,
752 1944 794 1987 ne
822 1924 1021 1988 seditionem
1050 1925 1155 1987 semel
1181 1925 1321 1989 inchoa·

374 2031 443 2085 tani
464 2022 585 2086 sedare
610 2044 678 2087 non
701 2024 830 2087 valeret
853 2044 931 2087 cum
952 2024 1080 2101 vellet;
1109 2023 1223 2099 etsic,
1247 2045 1323 2088 mu·

372 2129 446 2185 tato
463 2123 620 2197 consilio,
642 2142 704 2186 rex
725 2123 848 2205 majori
866 2123 1051 2199 nuntiavit,
1069 2131 1108 2186 ut
1125 2132 1321 2205 promotum

372 2222 562 2284 exercitum
584 2221 677 2284 illico
704 2229 894 2287 revocaret.
947 2222 997 2286 At
1018 2223 1112 2285 cives
1133 2224 1250 2287 animo
1271 2224 1323 2286 ni·

372 2321 435 2381 mis
453 2321 676 2396 consternati,
692 2323 820 2385 reversi
836 2323 968 2386 suntin
987 2321 1163 2386 civitatem
1182 2323 1323 2404 negotio

371 2417 582 2499 imperfecto.

425 2593 578 2666 Quenodo
592 2592 750 2658 liebertus
766 2593 803 2658 de
817 2595 926 2679 Buryo
943 2593 981 2658 de
997 2594 1134 2680 quade-m
1150 2592 1274 2678 capelle

479 2702 635 2757 retractus
651 2694 686 2756 iu
704 2695 789 2757 turri
804 2695 1011 2758 bardeniensi
1025 2694 1213 2758 retruditur.

209 2833 352 2894 etardum
424 2817 511 2881 Post
538 2819 612 2881 haec
639 2817 918 2899 archiepiscopus
947 2818 1171 2881 Dublinensis
1205 2815 1324 2879 multis

210 2884 326 2979 'cliiii'
372 2919 531 3000 precibus
570 2917 769 2999 impetravit
802 2938 823 2980 a
856 2937 937 2998 rege
968 2917 1126 2981 inducias
1160 2914 1322 2979 Huberto

372 3038 465 3100 saepe
500 3017 594 3080 dicto
632 3037 741 3098 usque
776 3016 820 3078 ad
856 3025 999 3080 octavas
1033 3016 1253 3099 Epiphaniae,
1284 3022 1324 3078 ut

374 3124 508 3198 tempus
535 3116 679 3178 haberet
705 3115 918 3179 deliberandi
950 3136 1054 3198 super
1082 3115 1323 3179 exactionibus

375 3216 573 3296 praemissis,
592 3235 669 3296 quae
694 3216 948 3297 urgentissimae
965 3216 1117 3290 luerunt,
1134 3221 1185 3290 ut,
1205 3214 1323 3277 hahita

373 3314 631 3390 deliberatione,
658 3317 729 3395 regi
762 3324 880 3396 posset
903 3315 1155 3378 rationabiliter
1180 3333 1322 3395 respon·

373 3413 453 3475 dere
478 3421 513 3476 et
537 3415 737 3477 satisfacere
761 3422 1006 3496 competenter.
1059 3414 1159 3476 Tunc
1183 3412 1323 3476 Huber-

374 3521 442 3589 tnS,
468 3523 622 3595 accepta,
646 3523 684 3577 ut
708 3515 880 3589 credebat,
904 3515 1089 3577 securitate
1115 3532 1176 3594 per
1203 3512 1323 3575 literas

374 3615 464 3695 regis
498 3622 668 3696 patentes,
700 3614 766 3676 iter
797 3614 943 3695 arripuit
969 3615 1011 3676 ad
1042 3620 1201 3675 sanctum
1233 3611 1324 3674 Ead-

372 3836 430 3884 liere
447 3836 521 3891 adds,
533 3836 588 3883 that
605 3850 674 3884 some
690 3849 758 3883 more
775 3850 835 3897 pru·
862 3836 966 3898 waiting
983 3836 1034 3884 him
1052 3836 1084 3884 ‘a
1099 3848 1186 3884 somno
1204 3835 1326 3896 stupido,'

372 3907 432 3954 dent
442 3907 554 3966 citizens,
566 3905 665 3954 headed
676 3906 710 3965 hy
721 3905 834 3953 Andrew
860 3906 954 3967 sought
971 3906 1011 3954 his
1027 3906 1130 3955 eounsel
1138 3920 1146 3965 ;
1169 3904 1211 3953 his
1226 3920 1325 3954 answar

374 3976 485 4024 lluherel
505 3976 555 4024 and
571 3975 640 4024 John
656 3975 774 4036 Travers,
789 3975 834 4023 de·
861 3990 924 4036 was,
936 3976 991 4023 that
1001 3991 1033 4023 on
1045 3976 1125 4024 either
1136 3975 1203 4023 hand
1216 3975 1325 4024 itwasa

371 4045 502 4104 tormincd,
526 4045 609 4093 before
633 4044 785 4105 procceding
808 4049 834 4093 to
860 4045 909 4093 had
921 4046 1049 4106 business,
1064 4044 1085 4109 (⁴
1095 4045 1187 4093 durum
1205 4044 1276 4105 hine,
1286 4045 1325 4093 di·

371 4116 533 4174 extremities,
548 4120 573 4161 to
588 4116 672 4163 obtain
686 4115 727 4162 the
743 4114 833 4176 hishop
861 4130 916 4163 rum
938 4116 1026 4176 indc,')
1049 4116 1094 4163 hut
1113 4115 1168 4163 that
1182 4114 1244 4175 they
1259 4119 1326 4164 muel

370 4179 581 4232 otWinchester’s
593 4186 681 4233 advice
693 4200 722 4233 as
730 4190 755 4231 to
764 4185 833 4233 what
859 4186 921 4246 obey
935 4186 976 4234 thc
989 4180 1072 4247 hiug's
1083 4185 1179 4234 orders.

370 4252 428 4312 they
452 4252 542 4301 should
565 4253 607 4303 de.
659 4254 831 4316 Accordingly
