2978 4996
378 446 518 496 ruerus
544 447 816 499 ursroumauu.
1003 434 1068 499 163

116 622 207 666 nunc
225 603 312 685 eripi
332 602 375 666 de
395 605 552 668 manibus
580 624 793 687 paganorum
815 609 1064 689 sperabamus3
1079 622 1134 712 phu
1145 623 1202 663 ¹²2⁸·

114 722 218 784 quam
236 702 330 779 olim,
345 711 384 766 ut
398 705 576 780 asseritur,
592 714 829 786 recuperasset
847 706 1089 772 Christianusc
1088 673 1202 813 {duffii}

114 802 289 866 exercitus
318 822 380 885 per
401 804 639 867 concambium
662 804 844 881 Damietae,
874 806 939 868 nisi
959 774 1114 871 semelhe
1195 784 1226 814 Μ’

116 903 165 964 eis
197 909 232 965 et
254 902 380 965 iterum
410 903 646 985 imperialibus
673 904 795 967 fuisset
819 904 927 968 literis
958 907 1064 970 inter-

116 1001 267 1079 dictum3
300 1002 361 1083 qui
391 1002 495 1066 etiam
519 1022 587 1065 non
611 1002 770 1067 suisset
761 1023 797 1066 ιιι
822 1005 981 1067 manibus
1004 1025 1065 1088 pa-

116 1119 286 1182 ganorum
303 1101 468 1177 inclusae,
483 1102 512 1164 si
534 1102 723 1182 galeiarum
738 1103 941 1179 subsidium,
960 1112 1000 1167 ut
1016 1124 1060 1168 ex

115 1208 294 1281 partesue
313 1200 519 1282 promissum
535 1201 649 1264 suerat
666 1210 701 1265 et
716 1202 789 1265 fieri
805 1210 954 1285 poterat,
982 1205 1063 1266 sub·

113 1306 270 1362 secutum
285 1307 389 1376 esset,
412 1320 493 1363 nam
518 1300 692 1376 Damieta,
716 1321 807 1384 quae,
828 1309 867 1364 ut
883 1303 1062 1376 astruitur,

114 1416 178 1462 suo
200 1399 329 1462 tradita
351 1400 472 1463 nuntio
493 1406 528 1462 et
550 1400 676 1481 aquilis
702 1401 936 1483 imperialibus
958 1402 1062 1483 insig-

113 1497 199 1571 nita,
223 1497 343 1561 eodem
368 1499 423 1562 die
444 1499 629 1562 crudeliter
655 1500 817 1581 spoliata,
837 1507 872 1564 et
893 1521 955 1582 per
980 1520 1062 1564 suos

113 1595 323 1661 deteriorata
339 1597 455 1662 viliter
477 1606 512 1661 et
536 1599 775 1679 ignominiose,
796 1619 858 1680 per
879 1601 975 1682 ipsos
997 1600 1063 1664 fuit

112 1695 307 1760 infidelibus
337 1699 510 1761 restituta.
571 1697 735 1761 Recurrit
764 1700 869 1762 etiam
902 1700 944 1762 ad
976 1701 1061 1763 redi-

112 1794 194 1859 viva
215 1797 377 1877 suspiria,
399 1804 435 1860 et
451 1797 671 1860 amissionem
695 1798 943 1878 praescriptam,
966 1818 1061 1862 reco-

112 1893 188 1958 lens
202 1895 374 1960 Damietae
396 1903 450 1960 tot
472 1897 629 1959 laborum
652 1897 845 1975 augustias,
864 1904 916 1960 tot
931 1917 1061 1978 expen-

110 2013 227 2058 sarum
243 1994 435 2077 dispendia,
459 2003 511 2059 tot
533 2002 662 2058 mortes
685 1994 848 2070 fidelium,
871 2002 905 2058 et
929 2002 980 2058 tot
1003 2015 1061 2058 ex-

82 2150 85 2155 .
109 2112 232 2157 cursus
245 2101 451 2176 temporum,
466 2114 543 2176 quae
558 2094 727 2158 inutiliter
743 2093 964 2170 affluxerunt,
982 2096 1062 2157 sub·

110 2193 198 2257 ortis
212 2193 397 2276 lachrymis
412 2193 494 2258 flere
510 2213 578 2257 non
593 2201 726 2274 cessat3
751 2213 813 2257 nec
831 2202 884 2257 est
901 2194 961 2275 qui
978 2213 1060 2257 con-

110 2293 243 2357 soletur
271 2313 348 2357 eam
370 2314 416 2357 ex
438 2293 597 2357 omnibus
619 2294 709 2356 caris
732 2294 819 2377 ejus,
841 2314 903 2357 uec
930 2295 1061 2357 abster-

111 2400 173 2473 gat
187 2392 383 2475 lachrymas
400 2413 422 2455 a
435 2393 600 2456 maxillis.
643 2391 730 2456 Cum
748 2412 831 2474 ergo
847 2413 918 2457 vox
932 2394 1008 2476 ejus
1025 2393 1061 2456 iu

112 2491 227 2556 Rama
245 2494 321 2576 jam
343 2493 509 2568 sonuerit,
531 2498 566 2555 et
584 2491 717 2556 Rachel
737 2512 806 2555 non
823 2493 934 2556 solum
958 2493 1060 2569 filios,

111 2592 172 2655 sed
189 2590 395 2656 haecomnia
415 2591 657 2655 irremediabili
672 2591 919 2655 lamentatione
940 2591 1060 2672 deplo-

111 2698 177 2767 ret,
199 2692 279 2773 quis
298 2691 449 2755 fidelium
471 2710 492 2753 a
511 2690 696 2772 gemitibus
717 2699 752 2754 et
773 2691 929 2771 suspiriis
950 2690 1060 2752 conti·

112 2791 232 2854 nebit?
266 2789 354 2868 Quis
371 2791 531 2866 filiorum,
548 2808 690 2854 cernens
706 2807 874 2870 aquarum
889 2787 1061 2870 profluvia

110 2889 153 2953 de
175 2890 296 2954 matris
319 2890 428 2954 oculis
449 2889 669 2971 prodeuntia,
694 2887 889 2970 lachrymas
914 2906 983 2949 non
1010 2888 1059 2949 ef-

112 2987 257 3053 fundetl
303 2988 391 3067 Quis
407 2990 529 3053 matris
546 3008 615 3052 non
632 2988 860 3069 compatietur
876 2987 1059 3068 augustiis,

111 3108 175 3152 nec
200 3088 375 3152 immensis
401 3089 477 3173 ejus
501 3089 677 3152 doloribus
700 3087 925 3151 condolebitt
970 3084 1059 3163 Quis

109 3186 261 3252 fidelium
291 3196 433 3271 propter
460 3188 535 3251 haec
566 3206 635 3250 non
666 3187 842 3250 ardentius
867 3185 1059 3249 inflamma-

112 3286 206 3351 bitur
235 3286 280 3351 ad
313 3288 503 3351 subsidium
535 3295 635 3350 terrae
665 3294 808 3363 sanctae,
843 3305 886 3349 ne
916 3286 1061 3349 Christi-

111 3405 179 3450 ana
193 3386 363 3470 juventus
384 3407 429 3450 ex
450 3387 628 3468 insperato
644 3405 728 3450 casu
750 3387 889 3468 penitus
908 3393 1060 3467 prostra-

110 3494 148 3549 ta
176 3485 335 3550 videatur
358 3493 393 3550 et
421 3485 651 3568 ignominiose
673 3485 789 3549 animo
812 3485 1060 3548 consternata?

112 3584 240 3649 Nonne
262 3586 328 3649 viri
361 3585 494 3650 cordati
526 3592 562 3649 et
584 3585 644 3648 filii
667 3584 755 3649 Jesu
779 3583 909 3647 Christi
936 3583 1061 3646 debent

109 3684 153 3748 ad
170 3684 362 3748 subsidium
381 3693 482 3749 terrae
498 3692 630 3748 sanctae
646 3691 744 3747 tanto
762 3681 884 3746 fortius
903 3681 1061 3755 animari,

108 3793 242 3866 quanto
255 3784 482 3866 ignominiam
497 3784 645 3867 amplius
662 3782 830 3846 resultare
845 3779 1062 3892 conspiciunt

110 3903 155 3947 ex
182 3883 361 3966 insperata
386 3885 486 3948 ruina
508 3884 544 3946 in
571 3883 711 3946 Patrem
734 3887 769 3944 et
787 3879 907 3953 filium,
929 3878 966 3940 in
992 3877 1063 3940 Re·

108 3982 321 4065 demptorem
339 3991 445 4065 atque
465 3981 702 4065 redemptos,
692 4001 728 4044 ιιι
747 3979 923 4042 Christum
946 3983 982 4040 et
999 3995 1060 4058 po·

109 4082 229 4164 pulum
249 4081 516 4147 Christianumi
570 4081 648 4145 Nos
668 4080 777 4161 igitur
798 4078 864 4141 hoc
886 4075 1061 4158 negotium

108 4187 208 4245 tanto
234 4181 413 4246 ardentius
439 4200 612 4246 resumere
635 4179 836 4243 affectamus
859 4183 894 4240 et
919 4175 1060 4258 profun-

908 4300 957 4343 ub
