2978 4996
375 417 441 482 304
631 434 765 482 aornar
790 432 836 479 nn
860 428 1067 478 wunnovna

214 589 269 629 ab·
281 589 336 629 ¹²³⁴·
376 584 454 661 fide,
474 593 510 648 ut
526 583 723 648 concedatis
743 582 965 663 magnatibus
986 582 1063 647 istis
1087 583 1247 650 inducias
1266 606 1324 670 pe·

375 685 481 761 titas;
507 703 596 747 uxor
616 682 707 746 enim
727 701 804 745 mea
825 700 924 744 soror
943 689 997 745 est
1014 683 1139 747 nobilis
1157 686 1224 748 viri
1246 685 1323 750 Hu-

375 784 475 864 gonis
499 784 541 846 de
560 781 717 856 Lasceio,
740 781 831 843 uude
854 799 921 843 non
948 800 1087 862 possum
1108 783 1144 845 in
1166 785 1323 864 praelium

375 889 497 946 contra
521 882 634 963 ipsum
651 887 764 944 tecum
790 880 852 955 ire,
873 899 951 942 cnm
974 899 1044 961 quo
1065 881 1221 946 consisto
1242 904 1324 949 con·

376 978 587 1044 soederatus.’
639 979 694 1043 Ad
711 997 813 1061 quem
837 978 1078 1055 Marescallus,
1101 979 1182 1057 ‘O,’
1197 982 1323 1065 iuquit,

376 1082 560 1163 ‘proditor
576 1078 796 1160 nequissime,
818 1096 933 1141 nonne
955 1079 1057 1142 modo
1080 1078 1252 1160 denegavi
1275 1084 1324 1148 eis

376 1179 544 1256 inducias,
570 1185 690 1242 contra
714 1175 926 1240 voluntatem
953 1196 1076 1254 meam,
1099 1197 1162 1259 per
1184 1181 1324 1245 consili·

376 1298 434 1342 urn
450 1280 572 1342 tuum?
625 1276 860 1339 inconstantis
886 1275 1033 1340 hominis
1055 1283 1148 1341 esset
1164 1286 1238 1342 tam
1253 1281 1322 1345 cito

376 1378 574 1453 concedere,
592 1374 684 1458 quod
702 1374 804 1438 modo
820 1375 870 1437 eis
888 1376 1025 1456 negavi,
1047 1376 1130 1457 quia
1151 1377 1186 1439 id
1211 1381 1322 1460 magis

376 1470 516 1540 timore¹
557 1475 670 1539 iacere
705 1472 852 1549 viderer,
885 1492 989 1554 quarn
1032 1493 1160 1539 amore.
1242 1477 1322 1543 Scio

376 1575 478 1650 enim,
493 1574 585 1656 qnod
602 1571 767 1635 hodierno
783 1572 839 1635 die
856 1572 957 1636 morti
975 1573 1123 1637 traditus
1137 1594 1237 1654 snm;
1261 1578 1320 1642 sed

375 1672 497 1737 melius
516 1680 569 1737 est
583 1670 667 1735 mihi
688 1670 869 1734 moricum
890 1671 1020 1736 honore
1039 1693 1102 1755 pro
1125 1692 1235 1738 causa
1246 1675 1323 1758 jus-

376 1771 475 1848 titiae,
492 1792 596 1854 quam
617 1789 775 1851 campum
791 1769 986 1852 perfugam
1009 1771 1166 1835 deserere
1188 1781 1225 1837 et
1241 1794 1320 1856 pro·

375 1874 438 1936 bra
453 1871 583 1936 militiae
597 1870 634 1934 in
647 1877 851 1952 perpetuum
865 1870 1042 1935 obtinere!
1073 1871 1119 1934 Et
1133 1873 1321 1953 respiciens

374 1971 569 2036 Walterum
601 1970 741 2032 fratrem
772 1987 886 2044 suum,
911 1968 1074 2051 juvenem
1102 1970 1319 2051 elegantissi-

375 2091 480 2147 mum,
497 2071 585 2134 dixit
602 2066 806 2150 quibusdam
831 2066 997 2132 ministris
1013 2069 1097 2145 suis,
1121 2069 1319 2136 ‘Adducite

374 2169 515 2233 fratrem
531 2167 667 2242 meum,’
680 2165 805 2246 inquit,
816 2165 877 2229 ‘ad
889 2167 1070 2230 castellum
1085 2187 1210 2244 meum,
1225 2172 1317 2255 qnod

374 2287 481 2349 prope
498 2274 563 2342 est,
582 2284 643 2327 uec
663 2266 700 2327 in
714 2263 780 2327 hoc
800 2265 986 2330 certamine
1005 2274 1124 2347 pereat
1140 2287 1244 2332 omne
1259 2289 1317 2351 ge·

376 2385 440 2429 nns
455 2384 567 2427 meum
583 2383 592 2440 ;
616 2362 698 2445 qnia
712 2363 749 2425 in
765 2363 841 2447 ejus
857 2365 1028 2446 probitate
1048 2365 1196 2443 confido,
1212 2368 1243 2430 si
1257 2388 1318 2432 an·

374 2484 437 2527 nos
450 2462 705 2546 exspectaverit
714 2462 886 2544 legitimos
897 2471 1037 2528 strenue
1047 2464 1206 2529 militiam
1219 2487 1317 2531 exer-

284 2614 287 2619 .
372 2561 495 2627 cendi'
540 2562 834 2626 Proceresautem
847 2561 1038 2640 Hiberniae,
1047 2562 1229 2628 audaciam
1242 2566 1318 2631 Ma-

372 2661 508 2726 rescalli
522 2681 562 2725 ac
574 2661 780 2743 probitatem
795 2667 1000 2738 metuentes,
1011 2681 1108 2726 arura
1120 2682 1185 2726 sna
1202 2665 1318 2730 miiiti-

371 2763 436 2824 bus
451 2760 645 2824 fortissimis
665 2758 877 2822 tradiderant
890 2767 925 2823 et
940 2760 1079 2841 ignotis,
1092 2781 1180 2843 quos
1194 2763 1238 2826 ad
1253 2763 1315 2828 boc

371 2861 620 2934 conduxerant,
637 2865 676 2921 ut
690 2857 896 2939 perimerent
910 2859 1146 2936 innocentem
1172 2860 1224 2926 sic
1240 2882 1315 2926 eum

371 2960 525 3024 occidere
539 2957 729 3041 cupientes
746 2964 785 3020 ut
800 2976 868 3021 non
885 2957 1051 3022 occidisse
1064 2959 1275 3028 viderentur.

455 3130 504 3193 De
512 3130 625 3215 prelio
638 3132 802 3216 campestri
819 3132 926 3216 inquo
941 3143 1050 3217 captas
1057 3133 1130 3217 fuit
1144 3156 1240 3201 comm

735 3229 909 3295 Marescail
945 3281 952 3294 .

209 3351 357 3441 fflgrifl
422 3349 546 3413 Comes
574 3371 656 3416 vero
685 3351 913 3417 Marescallus
936 3355 1053 3419 hostes
1076 3356 1204 3422 multos
1226 3362 1317 3425 acie-

210 3451 282 3490 ΜΟ·
373 3449 435 3512 bus
457 3449 634 3532 dispositis
656 3458 778 3516 contra
799 3472 928 3534 paucos
952 3455 1069 3518 venire
1094 3458 1317 3523 considerans

371 3548 529 3613 hortatur
546 3568 628 3613 suos
650 3550 694 3612 ad
718 3570 882 3632 pugnam,
904 3572 1008 3635 quam
1031 3573 1094 3635 pro
1116 3574 1224 3620 cansa
1240 3559 1317 3641 jus-

371 3649 456 3712 titiae
479 3655 514 3711 et
528 3647 662 3728 legibus
680 3648 883 3730 Anglicanae
905 3651 1019 3733 gentis
1041 3660 1077 3716 et
1094 3658 1318 3736 oppressione

372 3746 627 3811 Pictavensinm
646 3756 893 3830 assumpserat,
911 3769 1055 3831 sperans
1082 3751 1209 3818 babere
1234 3755 1316 3820 iide-

369 3845 432 3922 leS,
453 3866 541 3927 quos
564 3844 685 3909 habuit
702 3848 907 3928 proditores.
970 3849 1012 3912 In
1036 3851 1187 3915 medium
1208 3853 1317 3920 bosti-

369 3964 427 4006 um
451 3946 615 4008 audacter
637 3947 806 4028 prorupit,
823 3954 871 4022 et,
888 3948 1028 4010 aciebus
1050 3968 1168 4013 eorum
1193 3961 1317 4034 poten-

369 4050 420 4105 ter
442 4045 643 4123 penetratis,
667 4045 832 4108 militibus
854 4046 928 4109 suis
945 4048 1036 4110 viam
1051 4049 1143 4112 ferro
1166 4054 1317 4133 aperuit,

613 4239 619 4269 ¹
632 4242 748 4305 Timore]
765 4242 885 4293 ‘Timore
896 4243 956 4293 hoc’
972 4245 999 4292 iu
1012 4245 1069 4294 MS.
