2978 4996
368 417 432 480 150
625 429 759 476 sosani
789 429 835 475 os
858 427 1066 477 wsunovaa

208 606 332 646 annm.
369 588 423 650 nis
465 586 644 651 institutor
682 585 789 648 fuisse
833 585 1032 667 perhibetur
1068 590 1103 648 et
1140 584 1319 664 magister,

209 656 324 744 iiiiii
372 686 495 750 Romae
519 686 722 749 mirabiliter
744 704 790 748 ex
812 685 876 748 hac
898 685 975 748 luce
1003 682 1178 764 migravit.
1231 684 1318 747 Erat

210 755 334 796 mm
372 794 487 849 autern
526 785 733 847 Franciscus
771 791 981 847 memoratus
1020 783 1157 865 generis
1197 783 1323 846 nobili·

371 892 445 948 tate
468 884 667 965 praeclarus,
690 883 750 946 sed
770 890 886 946 tamen
907 881 1017 944 multo
1039 881 1165 944 clarior
1186 902 1320 945 morum

371 983 543 1064 probitate
559 982 704 1046 refulsit.
757 979 829 1044 Hic
850 980 1031 1063 siquidem,
1051 980 1240 1061 puerilibus
1258 999 1320 1043 an·

372 1082 426 1144 nis
460 1081 661 1163 simpliciter
685 1080 885 1155 transactis
912 1079 1019 1160 coepit
1042 1079 1085 1142 de
1111 1079 1229 1141 mundi
1259 1079 1320 1142 hu-

366 1180 427 1262 jus
448 1180 619 1244 illecebris
641 1185 676 1242 et
693 1198 807 1242 rerum
825 1178 1065 1259 temporalium
1088 1177 1320 1241 mutabilitate

371 1279 499 1362 saepius
531 1285 647 1342 mente
681 1277 869 1353 revolvere,
902 1285 936 1340 et
963 1295 1068 1358 quam
1100 1275 1197 1338 nulla
1226 1285 1321 1354 sunt,

370 1397 449 1458 quae
465 1377 700 1458 temporaliter
715 1376 883 1450 defluunt,
905 1374 1137 1438 indesinenter
1154 1393 1320 1456 pensaro;

372 1494 450 1537 uam
482 1483 518 1538 et
549 1476 613 1537 hoc
647 1474 815 1537 didicerat
844 1474 881 1536 in
913 1473 1023 1536 literis
1053 1481 1088 1536 ct
1116 1471 1322 1554 theologicis

371 1572 575 1655 disciplinis,
605 1573 730 1654 quibus
760 1573 805 1636 ab
836 1578 940 1636 aetate
968 1580 1087 1635 tenera
1115 1571 1320 1637 incubuerat

371 1672 542 1752 usquead
564 1671 722 1734 notitiam
749 1671 951 1752 perfectam,
973 1690 1043 1752 quo
1066 1669 1185 1734 ordine
1207 1690 1321 1734 rerum

371 1769 560 1833 labentium
583 1768 848 1833 mutabilitatem
871 1776 1105 1833 contemneret
1127 1788 1168 1832 ac
1188 1770 1319 1833 viribus

373 1869 456 1932 totis
491 1870 534 1932 ad
567 1869 716 1933 caelestis
753 1869 849 1949 regni
882 1868 1088 1931 desiderium
1117 1869 1321 1949 suspiraret.

373 1967 439 2031 Sed
473 1968 562 2050 quod
594 1975 709 2031 mente
741 1974 957 2049 conceperat,
985 1973 1024 2029 ut
1050 1966 1190 2029 liberius
1217 1986 1322 2049 opere

371 2068 571 2149 compleret,
596 2064 831 2129 haereditatem
855 2072 1034 2147 paternam
1060 2084 1129 2128 non
1150 2065 1321 2130 modicam

372 2185 450 2229 cum
486 2165 619 2228 cunctis
663 2164 770 2228 seculi
808 2164 1069 2227 oblectamentis
1114 2162 1320 2247 despiciens,

373 2264 542 2327 cucullam
571 2268 607 2326 et
629 2263 778 2325 cilicium
806 2262 929 2340 induit,
952 2263 1186 2326 calceamenta
1215 2264 1320 2347 depo·

373 2363 455 2437 suit,
483 2363 519 2424 in
548 2360 677 2441 vigiliis
710 2368 746 2425 et
768 2361 913 2444 jejuniis
946 2380 1083 2425 carnem
1117 2364 1320 2440 maceravit,

372 2467 419 2534 et,
445 2465 485 2520 ut
513 2466 740 2540 spontaneam
777 2460 922 2542 eligeret
948 2466 1202 2543 paupertatem,
1234 2462 1319 2525 nihil

371 2558 510 2622 omnino
531 2558 706 2640 proprium
726 2559 851 2622 habere
867 2560 1040 2638 decrevit3
1064 2578 1128 2622 nec
1144 2561 1249 2624 etiam
1266 2562 1319 2643 ip·

370 2676 445 2719 sam
466 2657 686 2721 refectionem
710 2658 897 2735 carnalem,
918 2659 987 2721 nisi
1002 2657 1094 2740 quod
1112 2658 1156 2721 de
1174 2658 1320 2724 eleemo·

371 2756 467 2838 synis
491 2756 641 2820 fidelium
670 2756 735 2819 sub
758 2757 862 2819 titulo
890 2757 1060 2839 reciperet
1081 2758 1249 2834 caritatis,
1273 2767 1320 2836 et,

371 2855 401 2917 si
429 2855 518 2919 forte
554 2862 634 2937 post
660 2854 896 2918 tenuissimam
932 2855 1153 2920 refectionem
1185 2856 1317 2940 aliquid

371 2953 680 3035 superabundaret,
715 2953 800 3016 nihil
838 2954 874 3016 in
912 2955 1101 3017 crastinum
1135 2973 1317 3020 reservans

371 3058 481 3114 totum
507 3052 715 3134 pauperibus
742 3052 910 3133 erogavit.
958 3052 1115 3116 Vestitus
1142 3053 1248 3117 etiam
1274 3056 1318 3120 de

370 3157 470 3212 nocte
497 3149 671 3225 dormivit,
694 3157 838 3214 mattam
864 3169 927 3232 pro
948 3157 1061 3214 stratu
1081 3153 1230 3216 cubiculi
1253 3154 1316 3217 ba·

370 3247 455 3323 buit,
478 3265 602 3310 saxum
630 3247 734 3329 capiti
764 3268 827 3330 pro
851 3249 1012 3313 cervicali
1037 3253 1232 3332 supposuit,
1254 3272 1316 3316 cu·

370 3344 462 3407 culla
483 3345 699 3408 solummodo
727 3354 763 3410 ct
782 3347 906 3424 cilicio,
929 3349 1053 3430 quibus
1076 3349 1112 3411 in
1137 3350 1192 3412 die
1213 3353 1318 3415 vesti-

368 3450 426 3506 tus
446 3443 598 3522 incessit,
622 3465 684 3527 pro
707 3446 969 3510 nocturnalibus
990 3447 1211 3528 operimentis
1232 3468 1314 3513 con·

370 3547 498 3607 tentus.
550 3544 675 3626 Sicque
701 3545 737 3607 in
768 3546 1022 3627 praeparatione
1049 3546 1221 3627 evangelii
1244 3548 1316 3612 dis-

369 3641 544 3706 calceatus
576 3644 750 3720 incedcns,
782 3651 817 3707 et
839 3645 946 3708 vitam
985 3645 1211 3725 apostolicam
1244 3665 1316 3710 am-

368 3740 534 3821 plectens,
557 3740 677 3804 diebus
706 3743 898 3806 Dominicis
926 3762 967 3806 ac
990 3742 1125 3807 festivis
1149 3745 1184 3806 in
1207 3746 1315 3810 eccle·

368 3838 428 3901 siis
452 3839 707 3920 parochialibus
734 3848 769 3904 et
791 3840 869 3905 aliis
889 3841 1040 3904 fidelium
1067 3845 1316 3908 conventiculis

367 3936 514 4001 officium
531 3938 786 4020 praedicationis
808 3940 988 4022 implevit;
1016 3941 1107 4023 quod
1126 3949 1225 4007 tanto
1244 3943 1315 4006 effi-

365 4037 481 4099 cacius
518 4038 678 4101 cordibus
715 4039 926 4103 audientium
961 4039 1155 4122 imprimere
1186 4044 1314 4124 potuit,

365 4142 496 4214 quanto
521 4155 542 4197 a
570 4137 766 4202 carnalibus
797 4139 975 4203 desideriis
1002 4146 1036 4202 et
1058 4141 1313 4224 gastrimargia
