2978 4996
429 430 495 497 260
538 480 541 486 .
689 442 823 492 nocam
847 441 894 487 nn
916 438 1124 488 wannovna

273 631 396 674 anna.
432 612 508 668 tum
537 609 693 666 nostrum
723 599 839 663 taliter
872 596 1057 678 impleturi,
1085 594 1178 676 quod
1208 594 1380 658 ultionum

435 704 532 767 Deus
563 702 597 763 in
635 701 694 764 illo
725 695 901 762 tremendo
928 694 1072 777 judicio,
1103 694 1163 774 qui
1195 694 1382 776 unicuique

360 794 362 798 ’
431 803 536 885 juxta
558 818 664 881 opera
686 816 750 860 sua
770 795 900 869 reddet,
922 794 964 855 de
987 793 1145 855 manibus
1162 793 1290 855 vestris
1313 812 1383 857 non

437 900 591 981 requirat
612 896 815 976 sanguinem
844 891 1041 966 eorundem,
1068 898 1104 953 et
1124 910 1188 953 uos
1214 890 1259 953 ad
1282 891 1317 953 id
1340 891 1383 954 li-

437 1016 528 1060 mam
554 993 777 1060 correctionis
805 989 1006 1073 apostolicae
1036 1007 1209 1070 apponere
1233 1007 1303 1052 non
1325 1009 1384 1053 co-

438 1115 573 1178 gamur.
625 1094 720 1156 Data
747 1088 890 1171 Spoleti,
915 1089 1037 1169 quinto
1061 1086 1138 1150 idus
1159 1086 1272 1163 Junii,
1296 1106 1384 1169 pon·

439 1193 590 1258 tificatus
606 1191 714 1255 nostri
731 1206 822 1251 anno
841 1185 966 1250 sexto!

490 1362 539 1424 De
555 1357 889 1442 visitatiooesaeienda
906 1377 998 1441 anper
1013 1355 1152 1419 ecclesiae
1166 1366 1331 1442 ecernptae.

491 1480 583 1545 Aliis
613 1487 729 1543 autem
758 1478 911 1542 ecclesiis
940 1485 975 1541 et
1000 1476 1083 1540 viris
1115 1477 1299 1558 religiosis,
1325 1480 1384 1561 qui

441 1578 637 1643 immediate
668 1579 712 1641 ad
743 1577 936 1640 Romanam
967 1576 1171 1657 spectabant
1191 1576 1385 1654 ecclesiam,

441 1698 511 1741 non
533 1677 725 1758 episcopoS,
745 1675 804 1739 sed
824 1674 980 1750 abbates,
999 1673 1129 1737 ordinis
1146 1673 1387 1739 cisterciensis

442 1776 591 1838 maxime
618 1782 653 1838 et
677 1773 1032 1855 PraemonstratensiS,
1058 1773 1256 1836 visitatores
1278 1773 1385 1850 dedit,

443 1875 536 1938 viros
565 1873 697 1936 scilicet
715 1871 918 1935 indiscretos
946 1878 981 1933 et
1007 1863 1124 1933 ¹nimis
1149 1888 1306 1951 asperos,
1327 1872 1387 1956 qui

442 1972 478 2035 in
505 1973 570 2036 bac
589 1971 788 2036 visitatione
809 1971 860 2032 ita
883 1968 1071 2033 insolenter
1091 1975 1126 2032 et
1144 1968 1387 2059 immisericor-

444 2070 532 2134 diter
552 2075 806 2152 processerunt,
828 2067 918 2149 quod
938 2067 972 2129 in
994 2065 1150 2147 pluribus
1169 2070 1388 2133 monasteriis

444 2169 588 2232 rationis
622 2174 732 2229 metas
759 2165 965 2229 excedentes
993 2164 1232 2246 compulerunt
1258 2166 1388 2231 multos

444 2265 488 2328 ad
514 2263 699 2327 remedium
724 2263 967 2345 appellationis
990 2263 1200 2344 confugere3
1231 2264 1293 2346 qui
1316 2264 1388 2329 Ro-

445 2381 535 2425 mam
556 2361 712 2443 profecti,
734 2369 813 2443 post
830 2362 957 2425 multas
977 2362 1130 2442 pecuniae
1149 2360 1334 2427 effusiones
1354 2370 1389 2427 et

444 2460 578 2523 labores
589 2479 658 2523 non
667 2459 832 2536 modicos,
844 2459 1041 2524 visitatores
1051 2459 1137 2523 alios
1145 2460 1384 2540 impetrarunt

446 2559 504 2635 Et,
521 2565 561 2622 ut
577 2558 713 2623 tandem
733 2559 883 2622 breviter
899 2557 1045 2635 dicatur,
1065 2559 1133 2622 ista
1148 2559 1304 2623 visitatio
1327 2580 1387 2642 per

444 2657 560 2721 orbem
589 2657 787 2721 universum
810 2656 854 2719 ad
877 2655 1007 2720 ordinis
1029 2656 1145 2738 potius
1169 2656 1389 2722 deformatio·

445 2775 534 2831 nem,
558 2774 661 2838 quam
684 2754 972 2830 reformationem,
996 2754 1185 2835 processit;
1209 2753 1291 2817 dum
1317 2776 1389 2820 orn-

444 2873 517 2929 nes,
535 2854 648 2935 quiin
670 2853 815 2916 diversis
839 2852 931 2915 orbis
955 2853 1112 2933 partibus
1137 2852 1273 2916 unicam
1295 2854 1387 2918 beati

445 2951 624 3015 Benedicti
645 2952 756 3015 secuti
773 2950 909 3013 suerant
923 2950 1090 3031 regulam,
1104 2968 1166 3031 per
1180 2969 1290 3015 novas
1306 2970 1388 3016 con·

443 3050 641 3114 stitutiones
655 3049 706 3112 ita
720 3047 939 3113 inveniantur
954 3048 1081 3130 ubique
1094 3047 1281 3125 discordes,
1297 3048 1388 3133 quod

443 3166 488 3209 ex
506 3147 664 3209 omnibus
685 3146 852 3210 coenobiis
866 3145 922 3209 vel
939 3146 1017 3210 aliis
1034 3144 1186 3209 virorum
1207 3145 1388 3228 religioso·

443 3263 518 3306 rum
535 3243 688 3307 ecclesiis
704 3245 766 3308 vix
782 3244 850 3308 duo
867 3243 1059 3308 habeantur
1074 3245 1110 3306 iu
1129 3262 1252 3307 norma
1266 3245 1388 3310 viven-

443 3341 478 3403 di
494 3341 690 3406 concordes.
727 3342 860 3406 Verum
874 3343 982 3405 abbas
992 3340 1133 3424 quidam
1145 3341 1390 3420 Montis-belli,

441 3437 572 3503 durnin
587 3438 651 3503 bac
666 3440 864 3504 visitatione
879 3439 1063 3522 procedere
1080 3438 1293 3518 formidaret,
1309 3461 1390 3506 con·

442 3537 550 3601 saluit
567 3537 740 3602 dominum
767 3556 892 3620 papam
916 3557 1021 3620 snper
1044 3538 1157 3601 dubiis
1183 3539 1390 3620 quibusdam

479 3731 586 3783 ι1111))1)
600 3732 717 3797 caperon]
743 3735 774 3784 In
791 3736 834 3785 tbe
850 3736 905 3784 An·
930 3736 1092 3785 butinvain.
1119 3734 1174 3785 'l'be
1186 3735 1393 3789 abbototEvea·

442 3802 493 3850 nal.
506 3802 633 3864 Dunstap.
646 3804 669 3852 is
679 3803 800 3853 recorded
812 3804 854 3854 the
865 3819 904 3854 ee·
930 3805 987 3853 ham
1009 3804 1118 3876 escaped
1138 3805 1173 3866 1)]
1189 3804 1322 3870 declariag
1338 3808 1392 3857 tbat

442 3872 523 3931 verity
534 3872 663 3921 exerciaed
682 3873 717 3933 1)]
732 3872 809 3935 John,
827 3873 905 3922 abbat
930 3878 1071 3933 monastery
1081 3874 1140 3933 only
1154 3874 1333 3936 exemptfrorn
1348 3876 1391 3925 tlra

442 3939 472 3989 os
480 3940 588 4002 Boxley,
599 3940 649 3989 and
660 3941 700 3990 hie
712 3941 866 4004 colleagues,
876 3943 902 3990 in
929 3942 1019 4003 bishop
1035 3942 1064 3991 ot
1076 3937 1239 3992 Worcestede
1254 3943 1393 4009 rieiudan,

441 4010 559 4070 carrying
576 4014 621 4058 out
632 4008 673 4059 the
685 4011 812 4059 visitation
823 4011 853 4059 oi
860 4010 902 4060 the
927 4011 978 4059 and
989 4011 1077 4072 liable,
1083 4011 1216 4071 therefore,
1225 4016 1252 4060 to
1260 4012 1292 4062 be
1299 4014 1394 4065 visited

440 4078 603 4126 monuerim
613 4077 642 4126 of
650 4078 692 4128 the
703 4079 786 4128 Black
797 4078 901 4129 Menke.
927 4081 961 4140 by
972 4080 1015 4129 the
1025 4079 1177 4142 archbisbop
1184 4079 1390 4146 olCanterburn

439 4144 493 4192 'rae
512 4145 602 4195 monlra
624 4147 749 4208 appealed
768 4153 794 4196 to
814 4148 902 4211 Rome
927 4164 952 4211 p.
961 4152 1019 4199 214.
