2978 4996
361 458 429 524 226
621 470 755 520 nocnru
781 470 828 517 nn
851 468 1059 516 wsunovna

204 660 260 701 nn.
271 660 327 698 12³1.
365 644 433 696 tur.
479 629 699 711 Conquestus
714 629 811 692 estin
823 628 941 710 primis
954 627 997 690 de
1014 647 1096 709 rege
1108 626 1318 708 Anglornm,

366 730 458 814 quod
481 729 695 793 solummodo
723 729 839 792 omnia
864 728 962 808 regni
985 728 1127 808 negotia
1149 746 1212 809 per
1235 746 1319 791 con·

367 831 480 894 silium
501 828 651 892 Huberti
672 828 869 912 justiciarii,
892 827 972 890 aliis
992 828 1119 908 spretis
1145 829 1319 908 magnati·

367 932 445 1005 buS,
464 928 678 1009 disponebat.
732 926 835 1003 Item,
848 926 892 989 de
907 925 1103 1009 jnsticiario
1123 927 1318 1008 proposuit,

368 1022 476 1111 quod¹
492 1027 614 1090 babuit
626 1045 782 1102 uxorem,
795 1025 897 1109 cujus
910 1025 1204 1106 consanguineam
1222 1027 1318 1107 prius

370 1127 537 1192 habuerat
564 1127 629 1190 sibi
668 1125 887 1188 matrimonio
915 1124 1123 1207 copulatam,
1160 1132 1197 1189 et
1224 1124 1318 1206 qnod

364 1226 449 1310 jura
470 1226 624 1289 ecclesiae
652 1223 913 1287 Cautuariensis
932 1224 1108 1287 invaserat
1132 1232 1168 1288 et
1189 1223 1320 1307 injuste

370 1326 555 1389 detinebat.
609 1323 798 1406 Proposuit
820 1323 938 1399 etiam,
956 1323 1048 1405 quod
1061 1322 1216 1405 episcopi
1242 1323 1320 1405 qui·

371 1426 450 1489 dam
481 1424 557 1506 ojus
584 1422 807 1503 suffraganei,
842 1422 1001 1504 neglecta
1026 1422 1195 1504 pastorali
1222 1441 1319 1499 cura,

372 1523 538 1586 sedebant
555 1521 597 1585 ad
621 1523 832 1585 scaccarium
848 1522 952 1603 regis,
969 1522 1077 1586 laicas
1091 1540 1217 1585 causas
1234 1542 1320 1586 veu-

371 1623 513 1686 tilantes
537 1629 573 1685 et
588 1620 722 1704 judicia
746 1621 926 1703 sanguinis
947 1628 1160 1685 exercentes.
1228 1620 1319 1685 Item

372 1728 582 1802 conquestus
603 1728 669 1798 est,
695 1720 785 1803 quod
812 1721 927 1784 clerici
952 1720 1146 1785 beneficiati
1173 1728 1210 1785 et
1229 1721 1322 1785 inira

372 1839 490 1884 sacros
509 1820 647 1884 ordines
673 1820 854 1884 constituti
883 1819 1001 1901 plnres
1021 1819 1194 1883 habebant
1211 1822 1321 1884 eccle·

373 1919 455 1997 sias,
486 1921 611 2002 quibus
640 1919 777 1983 adnexa
812 1919 924 1983 suerat
944 1938 1029 1982 cura
1054 1919 1260 1997 animarum,
1287 1927 1322 1984 et

372 2020 463 2102 quod
487 2022 639 2102 insuper,
663 2020 753 2083 sicut
775 2018 942 2100 episcopi,
966 2019 1009 2081 ab
1035 2017 1121 2101 ipsis
1143 2019 1322 2084 trabentes

372 2120 582 2201 exemplum,
597 2119 688 2181 curis
712 2117 924 2182 secularibus
945 2124 980 2181 et
993 2117 1157 2181 laicorum
1178 2138 1217 2182 se
1225 2119 1321 2202 judi·

373 2219 435 2281 ciis
449 2218 699 2280 immiscebant.
753 2216 822 2279 His
835 2223 950 2280 autem
964 2225 1000 2280 et
1015 2217 1251 2281 consimilibus
1266 2238 1321 2283 co·

347 2310 352 2320 ’
374 2337 447 2381 ram
464 2335 556 2398 papa
571 2316 770 2397 propositis,
785 2316 896 2398 petiit,
909 2323 948 2379 ut
963 2315 1091 2379 talibus
1111 2317 1228 2380 limam
1246 2337 1323 2381 cor-

374 2416 536 2478 rectionis
567 2415 766 2478 excessibus
803 2414 992 2478 adbiberet.
1055 2413 1214 2498 Cumque
1250 2417 1324 2482 baec

373 2513 489 2577 omnia
502 2514 661 2577 dominus
676 2533 769 2596 papa
783 2514 941 2595 diligenti
953 2513 1069 2578 studio
1083 2515 1323 2595 intellexisset,

373 2621 409 2677 et
423 2612 564 2677 vidisset
580 2614 672 2696 quod
687 2615 953 2695 universaquae
969 2622 1198 2696 proposuerat
1214 2616 1325 2680 archi·

374 2713 569 2796 episcopus,
596 2713 736 2796 justitia
764 2712 901 2777 fueraut
925 2720 961 2777 et
994 2714 1127 2777 ratione
1162 2716 1324 2794 subnixa,

370 2812 478 2896 jussit
509 2813 747 2889 incontinenti,
777 2821 948 2894 quatenns
983 2811 1232 2896 archiepiscopi
1266 2835 1324 2880 ne·

375 2914 471 2993 gotia
498 2911 572 2975 sive
594 2911 778 2993 petitiones
805 2910 1060 2994 expedirentur,
1085 2912 1225 2994 justitia
1252 2934 1324 2980 me·

374 3012 502 3075 diante.
555 3010 816 3092 Proposuerunt
836 3019 952 3074 autem
969 3011 1005 3074 in
1028 3013 1241 3077 contrarium
1257 3013 1325 3078 cle·

376 3110 436 3173 rici
461 3110 564 3191 regis,
586 3130 649 3192 pro
669 3111 746 3192 ipso
768 3130 849 3192 rege
874 3118 911 3174 et
926 3110 1123 3193 justiciario
1141 3111 1252 3176 multa
1274 3114 1326 3177 in-

376 3210 488 3272 aniter
510 3208 723 3291 allegantes3
751 3209 811 3273 sed
837 3227 959 3292 parum
979 3210 1036 3273 vel
1063 3209 1149 3273 nibil
1171 3212 1325 3292 prosece-

377 3314 470 3381 runt,
499 3308 593 3389 quia,
625 3317 663 3371 ut
684 3309 834 3372 breviter
859 3308 1005 3385 dicatur,
1030 3308 1128 3374 savor
1158 3311 1325 3396 archiepi-

376 3406 485 3487 scopi,
499 3405 662 3490 quicquid
679 3408 1007 3490 petiit,impetravit.
1031 3407 1325 3494 Arcbiepiscopus

376 3514 505 3583 autem,
519 3525 607 3581 cum,
624 3507 773 3589 expletis
787 3506 936 3587 negotiis
952 3508 1110 3571 omnibus
1123 3528 1187 3590 pro
1205 3512 1324 3576 volun·

377 3613 449 3669 tate
482 3625 557 3683 sua,
585 3607 773 3689 repatriare
801 3613 1001 3698 maturaret,
1023 3599 1133 3689 ²apud
1155 3609 1325 3690 [sanctam

414 3802 501 3861 ¹Quod
524 3805 608 3854 tatuit
630 3807 762 3870 uxorem]
791 3807 841 3855 His
864 3808 976 3856 tionibus
985 3808 1326 3871 dolosbiniquiutemmn

376 3875 444 3924 third
452 3874 521 3937 wile,
534 3876 673 3937 Margaret,
682 3876 725 3925 the
742 3876 841 3939 daugb·
865 3878 1033 3939 prolongavit,
1040 3878 1196 3930 audientiam
1208 3881 1326 3933 bonoram

378 3950 415 3993 ter
431 3946 459 3994 of
472 3945 515 3992 the
531 3945 594 4006 king
610 3945 639 3993 ol
655 3946 784 4005 scotland,
800 3960 840 3995 re-
859 3948 978 4007 judicum
991 3947 1152 4009 declinando,
1166 3954 1191 3999 et
1203 3952 1326 4002 malitiosa

377 4015 445 4063 lated
465 4018 490 4062 to
507 4013 547 4062 bis
564 4014 657 4063 second
667 4014 727 4066 wile
744 4016 840 4078 lsabel,
862 4018 949 4066 literas
958 4017 1155 4079 impetrandoad
1162 4025 1215 4069 trus
1218 4022 1328 4083 judiees,

377 4083 581 4133 tbecountessof
589 4084 749 4135 Gloucester.
784 4085 838 4134 The
862 4087 888 4135 in
906 4087 987 4135 tribus
1000 4087 1101 4149 Angue
1117 4089 1222 4153 angulis
1236 4091 1327 4141 eondi-

378 4152 472 4202 (bron.
492 4153 585 4201 Dunst.
603 4155 660 4202 tells
682 4170 713 4203 us
731 4154 786 4204 that
806 4155 837 4204 ho
862 4151 947 4217 tutos}
958 4172 985 4217 p.
996 4160 1055 4207 20⁷.

377 4221 476 4270 evaded
496 4223 546 4271 this
562 4224 673 4285 inquiry,
690 4225 838 4274 ‘machina
897 4222 986 4290 'Apud
997 4231 1106 4277 amram
1113 4228 1329 4295 Gmm1‘dd
