2978 4996
380 456 446 522 228
632 470 765 517 nounnr
791 468 837 516 ns
861 467 1069 516 wnnnovnn

220 643 343 684 tib-¹²³¹·
381 650 482 694 snum
507 629 696 704 venientes,
729 627 901 709 petierunt
932 626 976 688 ab
1006 624 1067 688 illo
1096 624 1267 687 auxilium
1290 624 1335 689 ad

384 748 555 813 expensas
576 728 708 791 itineris
725 746 734 806 ;
758 726 818 790 sed
833 725 891 789 ille
909 725 1012 807 plane
1026 721 1224 801 affirmavit,
1241 725 1333 807 qnod

383 837 525 913 propter
541 828 606 891 hoc
623 829 672 890 eis
692 845 755 889 nec
771 825 908 890 obolum
930 843 1036 886 unum
1056 823 1214 887 donaret.
1267 824 1335 889 Sed

384 927 542 993 monachi
569 927 632 1002 illi,
656 945 727 989 non
755 924 833 989 ideo
858 925 972 987 minus
995 921 1144 986 Romam
1175 922 1334 1004 proiecti,

385 1028 585 1092 electionem
611 1026 684 1089 sive
715 1023 981 1107 postulationem
1005 1022 1133 1085 factam
1159 1023 1335 1103 petierunt

386 1147 408 1190 a
439 1146 543 1209 papa,
575 1131 612 1188 ut
641 1124 848 1189 auctoritate
879 1122 1073 1204 apostolica
1103 1120 1336 1187 confirmaret.

388 1226 559 1290 Dominus
581 1226 700 1306 itaque
721 1242 824 1305 papa,
841 1222 946 1299 facta,
960 1230 999 1285 ut
1017 1221 1154 1297 dicitnr,
1170 1240 1192 1284 a
1206 1223 1335 1304 magis·

387 1335 441 1389 tro
455 1325 594 1389 Simone
608 1323 651 1386 de
666 1323 872 1403 Laugetuna
886 1321 1110 1402 inquisitione
1133 1320 1175 1384 dc
1189 1340 1338 1403 persona

226 1450 321 1492 aaaron
331 1450 367 1489 ‹10-
388 1424 566 1507 postulati,
588 1422 778 1504 respondit,
798 1423 910 1504 ipsum
933 1420 1097 1484 curialem
1119 1439 1196 1484 esse
1218 1428 1255 1483 et
1271 1422 1338 1487 illi·

225 1501 296 1600 iffiff
305 1501 364 1600 ἷὲἑῖ.
388 1532 557 1601 teratum3
581 1522 670 1584 unde
692 1540 796 1603 papa,
819 1520 1053 1602 postulatione
1075 1526 1226 1597 cassata,
1254 1540 1337 1585 con·

387 1623 503 1697 cessit,
527 1629 567 1685 ut
592 1628 783 1685 conventus
806 1618 1069 1683 Cantuariensis
1095 1619 1202 1683 alium
1228 1621 1341 1685 archi.

387 1722 587 1805 episcopum
608 1739 648 1783 ac
673 1720 776 1783 talem
796 1720 973 1802 eligerent,
991 1719 1051 1800 qui
1067 1719 1133 1782 sibi
1151 1727 1244 1783 esset
1261 1740 1339 1802 pas-

388 1830 444 1885 tor
465 1822 657 1883 animarum
680 1819 827 1882 salubris
854 1826 890 1882 et
912 1817 1065 1882 ecclesiae
1091 1817 1186 1881 utilis
1213 1818 1340 1903 Angli·

389 1938 498 1997 canae,
527 1920 586 2002 qui
613 1920 750 1983 domurn
781 1918 910 1981 reversi
934 1918 1120 1981 conventui
1146 1918 1338 1986 retulerunt

390 2020 563 2103 quomodo
579 2019 716 2083 suerent
730 2037 752 2081 a
765 2037 829 2081 suo
847 2017 1016 2080 desiderio
1033 2016 1239 2082 defraudati.

533 2196 583 2258 De
596 2193 758 2258 insolentia
773 2192 953 2258 ekricorum
970 2194 1189 2258 Renmnoram.

228 2328 379 2369 Butuntum
442 2318 593 2382 Suborta
610 2326 663 2382 est
681 2317 746 2382 hac
763 2326 969 2402 tempestate
987 2319 1023 2382 in
1040 2318 1173 2401 Anglia
1190 2322 1343 2386 maxima

228 2380 383 2518 {ffffid
391 2437 504 2480 rerum
525 2417 752 2499 perturbatio,
767 2419 883 2494 immo,
902 2427 941 2483 nt
957 2438 1076 2482 verum
1093 2419 1276 2498 fateamur,
1294 2423 1343 2485 in-

260 2489 304 2528 '⁰'
391 2516 540 2580 discreta
562 2518 797 2599 praesumptio,
815 2511 972 2601 ¹propter
989 2516 1227 2582 Romanorum
1249 2520 1343 2587 inso-

391 2615 533 2679 lentiam
551 2615 765 2694 clericorum,
781 2636 860 2698 quac
878 2625 949 2680 tam
973 2617 1104 2682 nobiles
1123 2620 1222 2699 regni
1236 2639 1341 2703 quam

392 2716 560 2796 ignobiles
580 2715 623 2779 ad
646 2717 863 2780 temerariam
878 2716 1044 2799 compulit
1057 2717 1235 2796 ultionem,
1252 2720 1343 2785 sicut

392 2815 427 2878 in
450 2815 653 2897 subscriptis
678 2811 875 2880 continetur
900 2835 1123 2898 expressum
1152 2816 1253 2881 ‘Tali
1275 2820 1345 2902 epi·

394 2934 512 2997 scopo,
542 2923 578 2979 et
601 2915 663 2978 tali
692 2915 857 2997 capitulo,
887 2914 1097 2980 universitas
1124 2934 1256 2995 eorum,
1285 2921 1343 3002 qui

395 3015 506 3095 magis
528 3014 652 3079 volunt
673 3015 760 3076 mori
786 3033 890 3097 quam
918 3034 940 3077 a
968 3014 1138 3079 Romanis
1167 3017 1344 3096 confundi,

394 3113 553 3176 salutem.
606 3112 767 3191 Qualiter
788 3115 880 3178 circa
913 3133 976 3177 nos
1006 3119 1042 3178 et
1062 3115 1151 3178 alias
1178 3135 1345 3198 personas

394 3211 646 3275 ecclesiasticas
664 3210 802 3292 Angliae
819 3212 986 3278 hactenns
1008 3232 1046 3277 se
1068 3213 1253 3279 habuerint
1271 3216 1344 3283 Re·

394 3311 488 3372 mani
520 3318 554 3374 et
583 3331 698 3374 eorum
725 3312 845 3394 legati,
865 3320 1016 3376 vestram
1042 3332 1112 3377 non
1143 3314 1343 3381 dubitamus

395 3410 502 3473 latere
534 3409 786 3488 discretionem,
809 3412 974 3476 beneficia
997 3413 1094 3494 regni
1116 3413 1201 3491 suis,
1224 3433 1345 3481 secun·

394 3508 475 3571 dum
499 3510 590 3591 quod
614 3511 664 3573 eis
686 3510 811 3592 placet,
834 3511 1054 3589 conserendo,
1075 3513 1110 3576 in
1128 3521 1285 3578 vestrum
1311 3524 1344 3580 et

395 3609 545 3672 omnium
573 3609 718 3674 aliorum
746 3611 844 3691 regni
868 3611 1083 3675 intolerabile
1107 3612 1345 3696 praejudicium

395 3716 430 3772 et
456 3728 666 3790 gravamen3
694 3709 731 3772 in
750 3729 814 3773 vos
835 3710 940 3774 etiam
962 3718 998 3775 et
1017 3711 1244 3794 coepiscopos
1271 3733 1345 3779 ves·

396 3816 469 3872 tros
501 3808 657 3890 aliasque
691 3828 858 3890 personas
890 3809 1156 3888 ecclesiasticas,
1185 3812 1231 3876 ad
1261 3832 1347 3898 quos

432 4016 555 4082 ¹Prapter
573 4019 737 4067 Romanoram
756 4019 860 4068 imun-
883 4035 956 4081 auce,
966 4020 1000 4081 by
1010 4018 1094 4069 which
1103 4020 1135 4069 he
1143 4021 1235 4074 silom
1245 4030 1347 4087 patron!

396 4089 456 4137 tiam
478 4089 651 4151 amicornm]
679 4089 790 4137 wilkins
811 4089 858 4138 hes
883 4094 909 4139 to
932 4094 1033 4150 present
1052 4094 1078 4139 to
1100 4090 1237 4155 churches,
1256 4109 1290 4144 en
1306 4095 1347 4145 tlte

395 4159 493 4218 printed
505 4173 521 4206 a
533 4159 587 4207 bull
599 4158 628 4206 os
634 4158 675 4207 the
686 4173 763 4221 pope,
771 4159 858 4208 issued
883 4159 960 4208 death
971 4158 1000 4207 oi
1012 4159 1055 4208 the
1067 4159 1162 4210 Italian
1172 4163 1348 4227 incumbenm

395 4227 457 4275 with
468 4242 485 4276 a
496 4228 562 4276 view
571 4232 596 4275 to
607 4227 705 4277 redress
715 4227 767 4277 this
778 4229 860 4292 griev-
884 4228 982 4279 Concii.
991 4229 1009 4278 i.
1021 4244 1048 4292 p.
1060 4232 1119 4282 62⁹.
