2978 4996
367 432 434 498 286
624 447 757 496 noonnr
781 447 827 493 nn
851 445 1060 493 warnerus

209 619 332 660 annea
369 603 460 686 quod
484 603 580 667 nulla
609 602 692 667 mihi
719 603 900 685 promissio
921 602 989 665 suit
1010 601 1178 666 hactenus
1201 602 1320 666 obser·

208 670 350 808 ἓῗῖζδῗξὴο
371 711 465 767 vata.
519 702 621 781 Quod
647 702 775 766 dicitur
802 701 845 764 de
872 700 1090 777 consiliariis,
1112 701 1208 782 quod
1234 721 1324 764 nun-

208 769 334 859 nffiaii‘
371 822 476 884 quam
507 802 591 866 mihi
617 802 746 864 malum
780 808 1063 882 procuraverunt,
1092 799 1219 864 salsum
1244 808 1321 879 θείς

372 903 455 984 quia
470 903 562 965 mule
577 919 655 964 mea
669 900 832 962 universa
853 906 1138 980 procuraverunt,
1154 906 1191 962 et
1206 901 1324 963 omnia

372 1002 422 1064 eis
457 998 692 1082 principaliter
724 999 869 1078 imputo.
944 997 1021 1061 Nec
1053 998 1090 1061 in
1117 997 1196 1074 hoc,
1229 998 1322 1080 quod

372 1100 493 1162 dicunt
518 1118 557 1161 se
583 1117 638 1160 me
666 1096 821 1177 diligere,
844 1095 982 1159 credere
1004 1115 1075 1159 non
1107 1095 1230 1172 debeo,
1256 1098 1324 1160 nisi

374 1217 452 1261 cum
474 1216 580 1278 opera
595 1195 725 1271 videro,
740 1214 820 1276 quae
842 1194 994 1258 nondum
1017 1195 1113 1273 vidi;
1142 1213 1223 1257 nam
1246 1195 1323 1277 plu-

375 1315 414 1358 ra
436 1301 653 1359 sacramenta
672 1293 897 1374 corporaliter
916 1293 1073 1376 praestita
1089 1293 1322 1368 violaverunt,

375 1392 535 1457 videlicet
571 1400 693 1456 contra
729 1393 889 1455 comitem
926 1391 1073 1470 Cantiae,
1107 1393 1164 1456 cui
1203 1411 1324 1456 omnes

376 1501 446 1554 tres
483 1491 582 1573 plura
618 1498 837 1554 sacramenta
868 1489 1035 1568 lecerunt,
1069 1509 1148 1572 quae
1181 1491 1324 1555 omnino

376 1596 581 1670 spreverunt
608 1598 644 1652 et
664 1588 855 1670 fregerunt,
885 1596 957 1652 tam
985 1589 1028 1651 de
1049 1588 1160 1652 forma
1182 1590 1326 1670 provisa

376 1688 419 1752 de
452 1687 618 1768 praedicto
652 1689 790 1764 comite,
821 1687 864 1750 de
897 1705 968 1769 qua
997 1687 1155 1751 similiter
1186 1688 1323 1772 pejera-

377 1793 513 1862 verunt,
530 1787 693 1867 quamde
709 1793 926 1850 sacramento
948 1785 1144 1850 libertatum
1166 1785 1203 1849 in
1226 1806 1325 1868 mag-

379 1905 423 1948 na
449 1885 569 1949 charta
592 1891 844 1961 contentarum,
862 1903 950 1966 quas
972 1885 1199 1965 infregerunt,
1221 1905 1326 1967 prop·

378 1993 431 2047 ter
453 2004 532 2066 quae
558 1984 847 2048 excommunicati
880 1990 963 2046 sunt
987 1990 1022 2047 et
1046 1984 1186 2067 perjuri.
1240 1983 1327 2047 Per·

374 2082 447 2164 juri
470 2090 552 2146 sunt
568 2082 611 2146 de
637 2082 728 2146 fideli
748 2083 904 2157 consilio,
929 2081 1021 2164 quod
1039 2082 1248 2165 jnraverunt
1265 2084 1326 2147 do·

380 2181 472 2243 mino
494 2181 568 2260 regi
590 2182 820 2262 praestituros,
841 2199 919 2243 cum
944 2181 979 2243 in
1002 2182 1161 2244 omnibus
1186 2181 1219 2243 ei
1241 2201 1326 2245 con-

379 2278 491 2340 silium
521 2285 641 2341 contra
663 2278 835 2359 justitiam
863 2278 1077 2361 impendant.
1128 2277 1327 2361 Stephanus

380 2394 518 2457 quoque
556 2374 598 2439 de
633 2375 798 2456 Segrave,
827 2376 887 2458 qui
914 2377 1050 2460 juravit
1074 2377 1193 2461 justas
1228 2378 1325 2459 leges

381 2475 576 2550 observare,
598 2481 633 2538 et
655 2475 734 2537 illas
753 2476 943 2556 corrumpit
957 2483 993 2539 et
1012 2477 1197 2541 inusitatas
1216 2477 1326 2540 intro·

381 2574 500 2652 ducit;
527 2582 561 2637 et
583 2580 723 2655 propter
748 2574 819 2637 alia
845 2573 968 2651 multa,
993 2593 1056 2655 pro
1080 2575 1205 2657 quibus
1229 2574 1326 2639 Deus

382 2682 443 2736 aut
463 2673 565 2736 homo
588 2692 656 2736 non
678 2672 781 2737 debet
798 2672 831 2736 ei
853 2672 954 2736 iidem
977 2679 1037 2735 aut
1054 2674 1127 2737 suis
1149 2673 1326 2756 complici·

382 2774 446 2836 bus
472 2771 646 2847 adhibere,
668 2790 781 2835 nonne
804 2779 875 2835 tam
898 2771 956 2835 ille
978 2790 1083 2852 quam
1111 2771 1162 2835 illi
1185 2791 1326 2836 excom·

382 2871 548 2934 municati
580 2869 699 2934 suntl’
752 2870 841 2935 Item
871 2869 992 2933 dicunt
1013 2871 1200 2935 consiliarii
1234 2873 1326 2953 regis

381 2977 502 3034 contra
534 2968 791 3045 Maresoallum,
823 2969 915 3051 qnod
948 2969 1077 3033 invasit
1107 2988 1234 3052 corpus
1268 2971 1326 3034 do-

383 3069 466 3132 mini
494 3069 586 3150 regis
611 3067 702 3150 apud
730 3067 909 3132 castellum
934 3067 977 3131 de
1003 3067 1208 3144 Grosmunt,
1231 3078 1328 3135 ante·

383 3187 487 3250 quam
507 3187 569 3231 rex
588 3168 752 3232 intrasset
768 3174 894 3231 terram
914 3185 1025 3244 suam,
1041 3174 1088 3243 et,
1105 3168 1136 3231 si
1151 3166 1218 3231 hoc
1233 3168 1328 3246 fecit,

383 3266 545 3349 injuriam
565 3267 638 3346 regi
656 3266 757 3346 fecit3
780 3266 870 3330 unde
891 3266 994 3330 debet
1009 3286 1046 3330 se
1074 3265 1244 3348 subjicere
1264 3268 1328 3331 mi-

384 3364 578 3428 sericordiae
600 3365 687 3447 ejus,
709 3373 749 3429 ut
767 3365 970 3448 praedictum
992 3372 1058 3443 est,
1083 3372 1122 3429 ut
1141 3364 1248 3429 faciat
1267 3366 1328 3430 ho·

384 3482 502 3526 norem
525 3462 663 3528 domino
684 3465 770 3546 regi,
797 3484 840 3528 ne
870 3463 930 3528 alii
958 3464 1110 3528 habeant
1130 3464 1329 3546 exemplum

385 3562 582 3643 insurgendi
618 3570 739 3627 contra
770 3563 895 3645 ipsum.
956 3563 1013 3628 Ad
1045 3562 1121 3627 haee
1150 3565 1331 3644 respondit

386 3661 614 3725 Marescallus
643 3681 706 3743 pro
728 3681 877 3743 persona
910 3682 986 3740 sua,
1008 3662 1102 3744 quod
1128 3662 1255 3727 salsum
1278 3672 1333 3728 est

386 3761 478 3841 quod
502 3760 658 3825 interfuit
681 3760 731 3823 illi
759 3761 950 3840 invasioni3
975 3768 1022 3837 et,
1044 3761 1134 3825 forte
1157 3761 1266 3845 aliqui
1289 3763 1332 3827 de

386 3858 518 3923 familia
538 3880 601 3924 sua
623 3859 819 3936 adsuerunt,
835 3859 1001 3923 familiam
1015 3866 1151 3924 tantum
1168 3862 1261 3942 regis
1279 3862 1333 3925 in·

387 3968 563 4035 vaserunt,
594 3968 630 4024 et
653 3980 723 4024 non
753 3978 879 4042 corpus
906 3959 1009 4040 regis.
1062 3958 1194 4037 ‘Quod
1217 3967 1334 4025 tamen

385 4057 415 4119 si
438 4056 610 4134 iecissent,
638 4079 706 4147 non
734 4068 827 4122 esset
848 4059 983 4135 mirum,
1009 4077 1088 4121 cum
1114 4079 1176 4122 rex
1199 4061 1334 4125 veniret

386 4174 465 4218 cum
489 4159 642 4223 exercitu
665 4178 728 4222 suo
750 4159 929 4224 interram
951 4178 1075 4236 meam,
1097 4166 1135 4223 ut
1157 4178 1213 4222 me
1235 4160 1335 4224 inva-
