2978 4996
305 434 370 498 126
561 451 695 499 noorai
720 452 767 498 oa
791 452 1000 502 wsunovns

351 678 439 760 Quod
452 703 506 745 ree
521 681 695 768 naama
712 681 749 746 de
765 681 1000 766 transfretando
1008 682 1204 767 propositam

715 781 859 845 mutuat.

259 951 264 961 .
356 902 433 966 Rex
456 902 650 987 Anglorum
674 905 818 981 interea,
839 903 899 986 qui
923 903 1058 967 ardenti
1088 903 1260 966 desiderio

178 982 258 1060 „¹¹5⁰
304 1002 445 1068 sitiebat
466 1003 510 1066 ad
531 1012 648 1087 partes
673 1004 922 1069 transmarinas
946 1002 1119 1067 hostiliter
1145 1011 1258 1068 trans-

304 1100 443 1180 fretare,
466 1105 666 1169 convocatis
683 1103 888 1167 consiliariis
912 1103 998 1179 suis,
1019 1101 1103 1166 fecit
1120 1102 1258 1166 recitari

304 1199 423 1265 literas
448 1202 514 1265 sibi
535 1224 557 1266 a
573 1203 712 1267 domino
731 1220 824 1285 papa
841 1202 1075 1276 transmissas,
1098 1220 1258 1283 quaerens

304 1300 348 1362 ab
363 1302 413 1364 eis
435 1302 629 1379 consilium,
654 1302 735 1384 quid
760 1320 865 1383 super
884 1301 946 1364 tali
963 1301 1168 1364 inhibitione
1190 1300 1257 1364 sibi

305 1398 394 1464 foret
411 1400 595 1482 agendum.
648 1400 788 1465 Placuit
804 1402 921 1482 itaque
935 1399 1090 1482 praelatis
1107 1407 1143 1462 et
1158 1419 1256 1481 mag-

304 1499 442 1561 natibus
465 1501 635 1577 omnibus,
655 1508 693 1564 ut
708 1500 902 1564 differretur
923 1499 1100 1581 negotium
1123 1498 1257 1562 deside-

304 1604 429 1674 ratum,
455 1598 564 1662 donec
589 1606 764 1663 constaret
785 1599 828 1663 de
849 1618 930 1680 rege
947 1599 1174 1674 Francorum,
1196 1598 1256 1680 qni

304 1702 376 1759 tam
403 1696 539 1761 difficile
565 1718 654 1781 opus
686 1707 722 1762 et
749 1699 963 1780 propositum
993 1697 1143 1762 hahebat
1168 1696 1257 1760 adeo

304 1804 556 1878 sumptuosum,
586 1818 688 1881 quem
720 1817 775 1861 res
802 1805 894 1862 esset
922 1798 1055 1861 exitum
1081 1797 1254 1861 habitura.

306 1894 392 1960 Erat
424 1897 532 1979 igitur
560 1918 624 1962 rex
656 1896 849 1979 Anglorum
882 1896 925 1960 de
952 1895 1060 1960 fratre
1092 1916 1157 1959 suo
1190 1895 1255 1959 Ri-

304 1994 446 2074 chardo,
471 1999 530 2079 qui
561 2006 645 2062 tunc
675 1997 710 2060 in
733 1996 924 2061 Wasconia
954 1996 1096 2059 bellicas
1127 1996 1255 2077 agebat

304 2096 555 2177 expeditiones,
575 2097 677 2161 valde
709 2095 892 2171 sollicitae,
917 2114 1023 2177 supra
1046 2094 1184 2158 modum
1209 2094 1254 2158 ad

303 2194 415 2276 ipsum
431 2195 629 2258 desiderans
644 2194 882 2272 transfretare3
906 2194 1070 2271 sed,dum
1087 2213 1150 2257 rex
1163 2194 1256 2257 circa

304 2292 445 2358 fratrem
476 2302 512 2359 et
543 2294 586 2357 de
618 2293 694 2376 ejus
722 2294 950 2357 subventione
983 2293 1070 2357 satis
1100 2294 1256 2356 curiosus

304 2393 481 2469 existeret,
511 2400 680 2457 venerunt
708 2393 820 2457 nuntii
845 2392 922 2475 ejus
954 2392 997 2455 ad
1030 2412 1146 2474 regem
1177 2411 1256 2455 cum

304 2490 426 2568 literis,
450 2490 604 2556 dicentes
624 2492 736 2574 ipsum
757 2511 880 2555 sanum
903 2511 979 2555 esse
999 2498 1035 2555 et
1048 2491 1255 2555 incolumem

305 2597 340 2653 et
353 2591 445 2672 quod
468 2592 584 2655 omnia
604 2592 669 2655 sibi
689 2611 853 2673 prospere
875 2591 1116 2655 succedebant.
1170 2590 1256 2655 Erat

304 2697 419 2754 autem
443 2697 525 2756 tunc
541 2692 631 2756 inter
648 2691 740 2772 regis
756 2690 971 2755 consiliarios
989 2691 1156 2772 magister
1168 2689 1258 2753 Wil-

304 2788 438 2868 lelmus,
470 2798 699 2874 cognomento
726 2788 927 2872 Pierepunt,
951 2790 986 2853 in
1018 2797 1093 2854 arte
1123 2790 1255 2871 peritus

305 2890 536 2968 astronomiae,
559 2891 619 2973 qui
645 2897 845 2954 constanter
870 2907 984 2953 coram
1010 2908 1092 2970 rege
1108 2887 1256 2952 affirma·

304 2989 377 3065 bat,
391 2990 495 3071 quod,
519 2991 549 3053 si
577 3010 639 3053 rex
660 2990 873 3053 Francorum
899 2988 1096 3075 inchoatam
1115 2988 1254 3070 expedi-

305 3088 431 3151 tionem
449 3088 705 3170 exsequendam
726 3095 927 3164 assumeret,
938 3088 993 3151 vel
1012 3107 1187 3170 nunquam
1206 3087 1256 3152 vi-

305 3204 369 3249 vus
394 3187 532 3263 rediret,
552 3194 614 3251 aut
633 3187 820 3251 maximam
843 3188 898 3250 sui
919 3194 955 3251 et
979 3207 1091 3250 rerum
1114 3206 1255 3250 suarum

305 3303 514 3367 suorumque
541 3286 692 3350 omnium
718 3286 953 3350 confusionem
980 3288 1121 3350 subiret.
1174 3286 1254 3350 Rex

306 3389 433 3460 autem,
453 3404 496 3447 ex
518 3385 572 3448 his
590 3405 668 3468 quse
688 3385 847 3450 audierat
863 3385 1089 3462 exhilaratae,
1114 3405 1255 3450 suorum

306 3483 450 3547 consilio
466 3484 655 3567 adquievit.

414 3661 463 3725 De
479 3672 573 3727 morte
588 3659 759 3739 aichardi,
774 3660 989 3725 Doaelmccsis
1004 3659 1147 3745 episcopi.

143 3803 214 3891 3⁰3¹*
222 3801 289 3892 “1⁰³⁰
357 3786 486 3851 Eodem
513 3807 604 3852 anno
630 3784 827 3850 Richardus
856 3786 899 3849 de
931 3784 1095 3860 Matisco,
1125 3783 1258 3848 Dunel-

144 3864 247 3942 uirili.
306 3887 434 3949 mensis
460 3887 655 3969 episcopus,
681 3905 744 3968 pro
775 3885 975 3967 turpissima
999 3902 1103 3965 quam
1129 3886 1258 3965 agebat

306 3996 428 4050 contra
445 3986 631 4050 monachos
653 4005 735 4049 suos
751 4003 869 4061 causa,
890 3983 934 4047 ad
959 3983 1047 4046 diem
1065 3981 1256 4047 Londoniis

305 4086 530 4148 constitutum
553 4105 630 4149 cum
654 4085 804 4148 tumultu
828 4083 944 4148 valido
967 4082 1183 4146 reboantium
1210 4083 1258 4146 le·

305 4183 474 4262 gistarum
500 4203 702 4267 properans,
730 4184 821 4266 apud
841 4184 989 4264 burgum
1019 4182 1130 4246 sancti
1158 4180 1258 4246 Petri
