2978 4996
208 673 258 712 war
268 674 288 712 iu

209 723 283 762 eres.

369 437 435 501 222
626 450 759 498 rocam
786 450 831 496 os
854 449 1062 497 wannovsn

210 624 333 663 arr-12³1·
371 614 514 682 serunt;
543 626 611 688 quo
625 605 729 682 sacto,
750 625 812 669 rex
835 604 1024 668 exercitum
1046 622 1255 684 promovens
1278 605 1322 667 ad

373 705 662 769 Heresordenscm
678 707 795 768 urbem
811 704 881 767 cito
893 704 1009 766 volatu
1027 703 1196 784 pervenit.
1234 703 1321 767 Erat

370 814 486 869 autem
512 825 553 868 eo
580 812 732 886 tempore
759 798 942 866 'Loelinus
969 822 1047 865 curn
1076 801 1233 865 exercitu
1256 821 1320 866 suo

371 925 440 968 non
470 905 573 986 longe
601 923 622 966 a
652 903 794 966 castello
829 900 1138 966 Montis-Gomerii
1170 902 1206 963 in
1235 921 1321 982 quo-

371 1005 449 1067 dam
474 1011 587 1085 prato,
609 1003 701 1084 quod
726 1001 889 1084 ripariam
914 999 1063 1063 habebat
1080 999 1230 1063 vicinam
1258 1019 1318 1082 pa·

371 1103 508 1165 ludibus
533 1103 693 1177 obsitam,
724 1101 783 1164 ubi
810 1100 977 1162 militibus
1004 1099 1110 1162 castri
1139 1098 1319 1162 memorati

371 1201 509 1264 dolosas
526 1200 669 1264 insidias
686 1199 914 1282 praeparabat.
948 1197 1041 1261 Nam
1055 1199 1197 1261 fratrem
1211 1218 1319 1280 quen-

371 1299 451 1362 dam
472 1300 515 1362 de
538 1299 679 1363 abbatia
697 1297 936 1362 cisterciensis
957 1298 1098 1373 ordinis,
1115 1316 1194 1378 quae
1212 1317 1319 1380 prope

372 1407 458 1475 erat,
475 1399 617 1461 Cumira
638 1404 851 1480 nuncupata,
871 1397 999 1460 direxit
1018 1396 1193 1472 Loelinus,
1212 1404 1253 1460 ut
1269 1396 1319 1459 di·

371 1499 473 1574 citur,
494 1498 537 1561 ad
557 1498 757 1576 castellum3
784 1516 886 1579 quem
912 1515 988 1558 cum
1013 1494 1172 1557 viderunt
1191 1496 1318 1559 milites

372 1598 506 1660 castelli
533 1604 768 1661 transeuntem
799 1614 861 1676 per
892 1613 964 1670 eos,
996 1593 1156 1657 exierunt
1178 1602 1218 1657 ut
1240 1613 1317 1657 cum

372 1696 478 1759 fratre
501 1696 736 1778 loquerentur,
759 1702 795 1758 et
811 1694 1027 1757 sciscitantes
1048 1694 1092 1756 ab
1112 1711 1166 1768 eo,
1185 1694 1214 1755 si
1235 1693 1316 1775 quid

371 1795 414 1857 de
431 1795 574 1858 Loelino
589 1815 671 1876 rego
685 1793 851 1869 audisset,
868 1792 1057 1874 respondit,
1074 1791 1166 1873 quod
1183 1792 1318 1856 viderat

372 1914 451 1956 eum
480 1914 558 1957 cum
585 1914 694 1977 parvo
721 1893 888 1957 comitatu
915 1892 950 1954 in
983 1897 1084 1972 prato
1106 1891 1234 1968 vicino,
1259 1892 1319 1955 ubi

372 1996 599 2075 exspectabat
614 1994 780 2076 majorem
798 2011 977 2054 numerum
992 1997 1216 2053 armatorum.
1251 1990 1319 2054 Mi-

372 2093 450 2155 lites
476 2112 570 2169 vero,
596 2112 674 2155 cum
696 2111 718 2154 a
741 2092 848 2154 fratre
876 2090 1099 2171 requirerent,
1122 2089 1152 2151 si
1175 2098 1319 2171 possent
1385 2169 1390 2178 Ι

372 2193 534 2273 ripariam
553 2197 588 2252 et
602 2197 739 2272 pratum
757 2191 891 2271 equites
909 2209 986 2252 cum
1000 2188 1186 2252 securitate
1205 2195 1318 2253 trans-

371 2291 431 2363 ire,
459 2287 637 2369 respondit
657 2288 775 2364 frater,
798 2294 808 2322 ‘
826 2288 933 2365 Pons,
955 2287 1015 2369 qui
1037 2288 1130 2351 ultra
1152 2288 1316 2369 ripariam

371 2388 574 2450 itinerantes
593 2387 717 2450 ducere
736 2387 883 2464 solebat,
901 2382 1099 2450 confractus
1120 2393 1174 2449 est
1189 2406 1211 2449 a
1233 2387 1321 2450 Loe-

372 2485 454 2560 lino,
466 2486 548 2567 quia
559 2488 735 2550 metuebat
751 2486 915 2568 impetum
932 2493 1105 2562 vestrum3
1127 2485 1189 2548 sed
1201 2493 1317 2550 tamen

371 2585 529 2665 poteritis
556 2605 687 2662 secure,
715 2586 919 2667 ubicumque
941 2584 1131 2660 volueritis,
1154 2585 1317 2666 ripariam

371 2692 407 2747 et
426 2693 562 2766 pratum
590 2686 626 2748 in
652 2684 749 2767 equis
775 2683 934 2760 transire,
962 2690 997 2747 et
1019 2683 1216 2747 Wallenses
1239 2704 1317 2748 cum

372 2785 492 2864 paucis
515 2783 688 2866 equitibus
715 2784 770 2846 vcl
792 2784 929 2847 vincere
951 2783 1006 2846 vel
1028 2782 1171 2863 fugare.¹
1237 2782 1317 2862 Quo

372 2884 502 2960 audito,
521 2883 676 2946 adhibuit
693 2882 794 2945 fidem
817 2881 912 2945 salsis
934 2881 1182 2945 assertionibus
1201 2881 1318 2946 fratris

373 2982 549 3046 Walterus
576 2982 619 3045 de
639 2980 855 3057 Godarvilla,
872 2989 990 3044 custos
1013 2980 1159 3056 castelli,
1181 2989 1217 3044 et
1232 3000 1317 3064 prae-

372 3081 502 3162 cipiens
521 3081 809 3144 commilitonibus
830 3088 866 3144 et
881 3079 1122 3155 servientibus
1138 3087 1177 3143 ut
1192 3099 1317 3146 convo

372 3178 484 3241 larent
506 3180 550 3241 ad
574 3199 682 3256 arma,
707 3180 860 3244 ascensis
887 3179 995 3260 equis,
1018 3179 1061 3241 ad
1085 3178 1199 3242 locum
1228 3181 1316 3244 cele·

371 3277 455 3339 riter
480 3287 735 3358 pervenerunt3
763 3299 851 3361 quos
866 3278 1061 3342 Wallenses
1084 3296 1162 3340 cum
1186 3279 1316 3362 impetu

369 3375 488 3438 venire
512 3379 762 3459 conspicientes
800 3377 842 3441 ad
872 3378 995 3441 silvam
1027 3377 1213 3459 quandam,
1241 3398 1318 3461 quaa

370 3492 477 3557 prope
504 3484 591 3553 erat,
614 3477 769 3542 dolosam
795 3477 888 3540 illico
914 3476 1065 3540 inierunt
1085 3476 1217 3557 fugam.
1268 3476 1317 3541 At

370 3576 550 3639 castellani
571 3576 692 3658 rapido
718 3595 882 3658 equomm
906 3576 1026 3640 volatu
1053 3594 1113 3638 eos
1137 3576 1318 3658 insequen-

371 3680 423 3736 tes
447 3674 481 3737 in
504 3676 633 3757 riparia
652 3675 799 3757 praefata
815 3695 856 3740 ac
873 3675 999 3757 palude
1018 3674 1111 3737 illius
1128 3675 1221 3756 prati
1239 3677 1317 3740 snb·

369 3775 471 3836 mersi
493 3782 575 3838 sunt
596 3793 705 3855 usque
727 3775 771 3838 ad
792 3783 930 3839 ventres
953 3793 1133 3855 equorum,
1151 3774 1203 3837 illi
1230 3794 1317 3856 prae·

403 3923 411 3955 ¹
420 3927 555 3990 Laelium]
565 3927 595 3973 ln
603 3926 646 3974 the
656 3927 749 3975 Patent
757 3927 828 3976 Rolls
854 3932 881 3975 at
891 3927 1069 3989 Sbrewsbury,
1080 3927 1158 3976 dated
1167 3928 1316 3987 Woreester,

368 3994 562 4056 isapassfrom
575 3995 617 4044 the
630 3996 701 4058 king,
712 3997 829 4059 granting
855 3997 913 4046 ‘mh
923 3998 1002 4059 lllay;
1020 3999 1123 4059 Rymer,
1134 3997 1152 4046 i.
1163 4012 1190 4058 p.
1200 4001 1260 4047 200.
1294 3997 1317 4044 lt

369 4063 423 4112 sale
434 4067 543 4113 conduct
550 4071 576 4113 to
584 4065 626 4113 the
638 4080 795 4128 messengers
804 4066 833 4115 oi
855 4066 941 4116 would
948 4082 1043 4129 appear
1051 4067 1106 4115 that
1113 4066 1254 4129 Llewellyn
1260 4065 1316 4116 took

369 4131 519 4194 Llewellyn,
536 4134 681 4183 summoned
697 4141 829 4196 apparent·
854 4151 887 4184 no
898 4138 980 4186 notice
993 4137 1022 4186 os
1029 4136 1080 4186 this
1092 4150 1231 4186 summons.

368 4201 394 4259 ly
407 4206 432 4251 to
443 4207 509 4251 meet
519 4202 561 4251 the
573 4199 656 4265 king’s
674 4219 830 4267 messengers
