2978 4996
417 410 481 476 132
670 424 803 472 nouem
829 424 875 470 on
898 422 1105 471 wanoovan

254 598 378 638 tin-¹2²⁶.
417 583 482 645 bus
511 583 547 645 iu
571 588 624 645 tot
647 582 816 645 mortibus
843 579 948 661 longa
968 579 1150 643 videbatur
1172 598 1283 655 mora,
1305 580 1368 641 mi-

255 648 363 747 ima.
420 701 522 745 noros
546 690 739 745 castrorum
769 699 848 743 cum
880 679 1067 762 majoribus
1093 678 1138 742 ad
1165 679 1282 741 urbem
1317 679 1369 740 iu-

421 779 613 845 vadendum
633 779 845 855 sollicitant3
867 778 957 841 unde
976 797 1081 860 super
1100 785 1238 860 pontem
1259 797 1367 859 queu-

422 881 514 956 dam,
539 881 599 962 qui
625 879 718 943 ultra
749 877 933 941 Rodanum
961 877 1102 940 fluvium
1129 896 1168 939 se
1198 875 1368 952 extendit,

422 981 464 1043 ad
497 980 615 1042 urbem
646 985 745 1041 tanta
773 996 811 1039 se
840 983 1050 1040 armatorum
1079 976 1179 1057 copia
1210 975 1368 1056 ingessit,

419 1078 514 1164 quod
542 1078 596 1141 vel
620 1096 642 1140 a
666 1076 811 1151 civibus,
834 1076 889 1138 vel
920 1076 1023 1139 etiam
1056 1094 1129 1157 prae
1158 1074 1310 1156 pondere
1332 1074 1368 1137 in

422 1178 540 1241 eodem
573 1174 815 1259 pugnantium,
848 1193 936 1257 pons
970 1173 1101 1237 fractus
1138 1173 1370 1255 praecipitavit

421 1277 457 1339 in
484 1276 610 1339 flumen
636 1274 889 1355 rapidissimum
919 1273 961 1336 ad
991 1272 1059 1337 tria
1083 1272 1190 1335 millia
1219 1280 1370 1336 armato·

422 1394 510 1437 rum.
563 1372 656 1451 Quid
689 1375 804 1452 ergot
840 1371 924 1436 Vox
956 1379 991 1435 et
1024 1370 1195 1436 exultatio
1228 1372 1367 1447 civium,

421 1472 520 1535 dolor
545 1479 580 1535 et
602 1470 758 1534 confusio
787 1471 827 1534 fit
852 1471 1077 1535 Francorum.
1137 1469 1237 1533 Tunc
1263 1471 1369 1546 cives,

423 1571 498 1634 visa
519 1569 790 1652 opportunitate,
813 1569 893 1632 dum
917 1570 1043 1634 Franci
1069 1569 1112 1632 ad
1137 1588 1292 1633 mensam
1313 1588 1368 1632 se-

422 1669 543 1733 dentes
574 1669 685 1751 epulis
718 1668 935 1734 intenderent
962 1677 996 1733 et
1020 1667 1167 1752 poculis,
1197 1668 1253 1731 die
1282 1688 1368 1751 quo-

422 1767 501 1831 dam
529 1769 691 1832 exierunt
719 1766 762 1831 de
791 1768 933 1832 civitate
962 1769 998 1830 in
1025 1767 1226 1831 fortitudine
1255 1769 1367 1848 gravi,

422 1876 469 1943 et,
487 1867 580 1931 sacto
601 1869 730 1949 impetu
753 1867 790 1929 in
813 1867 929 1930 hostes
951 1886 1019 1930 non
1039 1866 1308 1949 praemeditatos
1326 1867 1370 1930 ad

422 1966 491 2030 duo
523 1967 632 2030 millia
654 1985 698 2029 ex
725 1966 951 2047 Francigenis
977 1973 1206 2048 peremerunt,
1232 1973 1268 2029 ct
1290 1967 1369 2029 abs-

422 2085 489 2148 que
512 2085 653 2129 suorum
680 2065 821 2128 laesione
846 2064 1022 2128 civitatem
1044 2065 1190 2146 ingressi
1213 2065 1300 2128 tales
1322 2067 1368 2128 ir·

422 2166 600 2246 ruptiones
617 2163 773 2226 fecerunt
787 2164 822 2226 in
841 2163 969 2226 hostes.
1016 2163 1065 2227 At
1078 2183 1141 2226 rex
1157 2163 1367 2227 Francorum

422 2264 537 2325 auimo
567 2262 669 2324 nimis
701 2269 943 2326 consternatus
971 2263 1079 2346 jussit
1104 2262 1304 2326 interfectos
1332 2264 1367 2327 in

422 2359 620 2434 Rodanum,
637 2366 779 2441 propter
795 2362 1062 2443 corruptionem,
1075 2363 1297 2443 praecipitari,
1310 2364 1369 2444 qui

420 2457 514 2520 aliud
542 2459 775 2521 coemeterium
801 2460 956 2523 intanta
979 2460 1185 2523 cadaverum
1212 2460 1369 2525 multitu·

421 2556 499 2620 dine
517 2576 585 2620 non
605 2557 789 2622 habebant.
843 2558 1016 2622 Fecerunt
1031 2568 1200 2641 praeterea
1219 2561 1310 2624 iuter
1332 2581 1368 2625 se

420 2663 455 2719 et
472 2657 590 2719 urbem
613 2656 780 2720 fossatum
807 2657 999 2738 spatiosum
1023 2659 1108 2722 satis
1131 2666 1166 2722 et
1190 2659 1311 2736 altum,
1333 2667 1368 2723 et

420 2755 560 2838 insuper
576 2756 708 2820 obsidio
724 2775 746 2819 a
763 2755 905 2820 civitate
921 2757 1059 2839 longius
1077 2758 1270 2821 arcebatur.
1304 2758 1369 2822 Le-

420 2863 524 2935 gatus
548 2863 663 2919 autem
686 2864 722 2919 et
740 2855 851 2919 omnis
872 2854 996 2920 chorus
1018 2856 1240 2938 praelatorum
1264 2859 1369 2921 comi·

420 2960 490 3016 tem
509 2953 745 3018 Tholosauum
769 2961 804 3017 et
826 2953 919 3018 cives
945 2974 1023 3018 cum
1052 2956 1213 3021 universo
1239 2957 1367 3038 populo

420 3053 582 3132 regionis,
599 3050 761 3114 vindictae
778 3072 888 3133 genus
908 3053 1001 3117 aliud
1019 3074 1087 3118 nou
1107 3054 1285 3131 habentes,
1304 3058 1368 3119 sub

420 3147 640 3212 anathemate
657 3149 914 3216 concluserunt.

553 3324 602 3387 Dc
616 3333 710 3388 morte
727 3323 898 3400 Lodowici,
913 3325 994 3409 repis
1009 3325 1217 3389 Francorum.

470 3445 569 3510 Tunc
588 3447 806 3524 Lodowicus,
827 3468 888 3512 rex
909 3448 1134 3526 Francorum,
1152 3459 1192 3514 ut
1207 3454 1369 3533 pestilen-

420 3545 502 3609 tiam
531 3546 708 3629 effugeret,
732 3566 809 3630 quae
843 3547 945 3610 nimis
973 3547 1128 3612 fervebat
1161 3551 1198 3613 in
1231 3554 1368 3627 castris,

419 3645 462 3708 ad
497 3647 671 3727 quandam
710 3646 897 3721 abbatiam,
933 3646 1180 3729 Muutpaucier
1215 3653 1369 3733 appella-

419 3752 503 3821 tam,
520 3765 598 3828 quae
619 3765 687 3808 non
708 3744 854 3808 multum
878 3746 922 3808 ab
942 3746 1120 3810 obsidione
1144 3747 1309 3828 distabat,
1331 3771 1369 3816 se

418 3844 577 3921 contulit,
599 3844 708 3908 donec
737 3845 860 3907 civitas
895 3853 1096 3926 caperetur;
1127 3846 1186 3909 ubi
1205 3850 1302 3914 veuit
1324 3851 1369 3914 ad

417 3962 495 4005 eum
520 3936 723 4019 Henricus,¹
749 3962 864 4007 comes
890 3943 1165 4027 Campanieusis,
1188 3967 1265 4010 cnm
1293 3950 1368 4033 Jam

452 4111 606 4177 ¹Henricus,
625 4131 701 4165 comeo
721 4118 880 4180 componier-
905 4118 956 4167 this
963 4119 1023 4167 time
1032 4134 1087 4169 wau
1095 4119 1227 4170 Theobald
1235 4122 1301 4186 V1.;
1317 4125 1372 4175 An·

415 4176 471 4250 ric]
489 4183 543 4232 'i'he
560 4185 612 4233 earl
630 4185 659 4234 oi
674 4185 839 4248 champagne
851 4192 879 4236 at
904 4189 976 4248 aelm,
989 4189 1017 4239 ii.
1030 4204 1056 4250 p.
1069 4192 1126 4238 84⁰.
