2978 4996
368 424 433 488 122
618 436 752 484 nocrru
778 436 825 482 na
851 434 1056 485 wannovar

203 614 260 653 nn.
274 615 328 652 1226.
367 612 445 670 suo,
461 592 516 655 vel
539 593 609 669 alii,
632 599 672 656 ut
688 594 765 656 vice
787 610 852 656 sua
874 592 1057 656 interesset
1082 589 1322 669 electionibus,

368 693 427 775 qui
453 710 513 755 eas
535 692 709 770 turbaret3
737 690 838 755 etsie
861 691 960 773 lapso
983 697 1138 773 ternpore
1159 690 1323 755 devolve-

368 800 463 855 retur
479 791 601 855 electio
618 790 662 854 ad
680 791 811 854 curiam
830 790 1037 866 Romanam,
1058 808 1137 873 quoe
1157 790 1193 852 in
1211 791 1320 853 omni-

368 892 432 954 bus
449 890 505 954 vel
530 890 685 974 pluribus
708 889 864 955 ecclesiis
885 889 1064 953 Romanos
1086 895 1242 971 poneret,
1265 889 1321 953 vel

369 990 457 1053 tales
490 990 549 1071 qni
583 990 632 1053 eis
670 989 855 1071 plurimum
883 995 1000 1052 essent
1028 989 1171 1068 devoti;
1204 996 1240 1051 et
1270 989 1321 1052 sic

369 1089 473 1153 nullae
487 1097 603 1153 essent
625 1096 742 1172 partes
763 1089 1003 1170 indigenarum
1025 1088 1248 1169 praelatorum
1264 1086 1320 1150 vel

368 1189 575 1272 principum,
598 1208 675 1252 cum
699 1188 798 1251 multi
826 1188 897 1251 sint
914 1188 978 1251 viri
1001 1186 1237 1263 ecclesiastici,
1260 1186 1320 1268 qui

371 1289 485 1370 potius
502 1289 608 1351 curiae
629 1287 799 1351 Romanae
818 1305 921 1369 quarn
944 1286 1017 1367 regi
1034 1287 1089 1350 vel
1111 1305 1220 1367 reguo
1239 1304 1320 1367 pro·

369 1388 537 1450 viderent.
572 1387 662 1449 Item
679 1385 897 1459 addiderunt,
915 1385 1019 1467 quod,
1037 1385 1067 1448 si
1081 1385 1322 1468 proportiona-

369 1486 450 1549 liter
471 1485 569 1549 fieret
591 1486 760 1548 bonorum
784 1484 995 1561 distributio,
1018 1503 1136 1547 omnes
1167 1484 1203 1546 in
1226 1484 1322 1547 curia

370 1583 492 1647 fierent
518 1583 655 1661 divites,
675 1604 752 1647 curn
775 1584 885 1648 multo
908 1584 987 1666 plus
1012 1590 1127 1646 essent
1150 1583 1321 1664 recepturi

369 1702 472 1765 quam
492 1702 554 1746 rex
580 1684 761 1767 proprius;
793 1683 902 1747 etsie
928 1682 1076 1765 majores
1106 1702 1176 1746 non
1208 1682 1320 1746 solum

369 1782 507 1859 divites,
522 1781 582 1845 sed
597 1791 633 1847 et
650 1783 821 1860 ditissimi,
835 1783 968 1846 fierent.
1021 1780 1109 1845 Cum
1124 1781 1232 1863 igitur
1242 1801 1319 1846 ver·

369 1882 433 1943 mis
464 1882 610 1945 divitum
638 1884 683 1945 sit
712 1882 887 1964 superbia,
922 1881 1072 1965 majores
1105 1882 1166 1943 vix
1197 1899 1321 1944 causas

370 1981 540 2059 audirent,
563 1981 623 2046 sed
641 2002 701 2045 eas
721 1983 757 2045 in
778 1982 981 2044 immensum
999 1979 1186 2057 differrent,
1204 1987 1240 2044 et
1257 1982 1322 2044 mi·

370 2100 471 2145 nores
499 2082 686 2145 scriberent
708 2081 829 2156 inviti3
858 2081 958 2163 cujus
976 2080 1025 2143 rei
1046 2079 1320 2162 experimentum

368 2181 404 2242 in
431 2181 583 2244 evidenti
613 2187 678 2256 est,
711 2178 795 2260 quia
823 2187 859 2243 et
885 2179 987 2244 modo
1016 2180 1157 2261 negotia
1185 2191 1321 2263 protra-

368 2277 466 2352 bunt,
479 2280 581 2341 etiam
596 2286 675 2361 post
690 2287 855 2361 percepta
870 2280 1039 2360 obsequia
1050 2286 1086 2341 et
1100 2279 1321 2343 securitatem

370 2376 579 2458 percipiendi
594 2397 603 2456 3
626 2378 723 2441 etsie
738 2379 991 2462 periclitaretur
1003 2378 1154 2461 justitia,
1168 2386 1205 2441 et
1220 2399 1324 2461 opor·

370 2483 460 2539 teret
483 2484 732 2558 conquerentes
756 2478 843 2541 mori
869 2477 905 2540 in
935 2477 1054 2561 januis
1084 2476 1320 2541 Romanorum

373 2581 456 2638 tunc
487 2574 684 2657 plenissime
713 2576 975 2640 dominantium.
1028 2575 1130 2652 Item,
1154 2595 1233 2640 cum
1262 2577 1322 2640 vix

372 2674 535 2756 possibile
567 2676 614 2739 sit
640 2676 769 2739 sontem
797 2676 997 2758 cupiditatis
1027 2674 1202 2752 desiccari,
1229 2676 1322 2759 quod

374 2793 464 2838 nunc
486 2774 619 2839 faciunt
638 2794 699 2857 per
721 2794 770 2852 se,
797 2783 879 2839 tuno
903 2775 1057 2839 facerent
1079 2795 1141 2857 per
1162 2774 1261 2852 alios,
1288 2782 1324 2839 et

372 2874 444 2936 suis
462 2874 571 2938 multo
589 2874 723 2956 majora
744 2893 848 2957 qnam
873 2894 965 2938 nuuc
990 2874 1065 2938 dari
1083 2893 1225 2937 munera
1243 2894 1324 2957 pro-

372 2981 547 3049 curarent,
574 2973 708 3036 modica
737 2975 826 3036 enim
852 2974 947 3037 nulla
969 2974 1110 3038 suntin
1132 2983 1322 3057 conspectu

371 3071 517 3134 divitum
541 3071 756 3153 cupidorum.
808 3073 911 3150 Item,
933 3072 1052 3136 multae
1077 3073 1209 3138 divitiae
1229 3072 1322 3137 face·

372 3178 449 3233 rent
471 3170 565 3233 cives
588 3168 768 3235 Romanos
790 3173 952 3250 insanire,
975 3179 1010 3236 et
1025 3173 1076 3236 sic
1097 3172 1188 3235 inter
1209 3173 1322 3237 diver-

372 3287 430 3330 sas
456 3267 653 3349 parentelas
680 3278 788 3334 tantae
810 3272 982 3336 orirentur
1007 3272 1205 3349 seditiones,
1229 3272 1322 3355 quod

372 3374 492 3448 posset
528 3368 641 3431 timeri
677 3372 784 3434 totius
817 3371 990 3435 excidium
1021 3372 1188 3448 civitatis,
1219 3370 1321 3455 cujus

371 3466 475 3529 etiam
494 3487 558 3531 nec
572 3470 674 3533 modo
697 3479 751 3533 est
767 3490 892 3553 expers
915 3471 1066 3535 omnino.
1112 3470 1203 3534 Item
1224 3469 1323 3535 dixe·

372 3573 464 3644 runt,
493 3568 598 3649 quod,
623 3567 705 3631 licet
734 3590 771 3633 se
797 3570 992 3650 obligarent
1016 3570 1076 3652 qui
1101 3570 1204 3633 modo
1234 3590 1321 3652 prae-

371 3674 486 3730 sentes
502 3676 597 3743 sunt,
611 3667 646 3729 id
664 3688 732 3730 non
749 3670 962 3750 susciperent
972 3689 1089 3733 eorum
1107 3688 1324 3734 successores

372 3785 434 3829 neo
451 3767 545 3829 illam
570 3767 814 3849 obligationem
829 3775 941 3832 ratam
962 3768 1139 3832 haberent.
1193 3767 1324 3833 Novis·

370 3866 456 3928 simo
477 3872 592 3929 autem
608 3866 657 3929 sic
675 3869 852 3948 negotium
871 3868 1127 3945 concluserunt,
1142 3867 1323 3946 ‘·Dcmine,

371 3971 510 4029 moveat
531 3984 592 4029 vos
612 3965 705 4029 zelus
728 3967 934 4031 universalis
956 3967 1112 4031 ecclesiae
1134 3977 1170 4031 et
1191 3976 1322 4032 sanctae

370 4064 461 4127 sedis
477 4063 658 4142 Romanae,
679 4068 773 4148 quia,
794 4067 825 4130 si
841 4067 992 4130 omnium
1010 4075 1101 4131 esset
1117 4066 1323 4132 universalis

369 4163 560 4244 oppressio,
584 4175 701 4247 posset
730 4167 842 4229 timeri
865 4186 908 4229 ne
935 4167 1127 4231 immineret
1149 4168 1322 4249 generalis
