2978 4996
468 458 608 507 ruoans
632 459 901 509 nrsroamnuu.
1099 445 1166 510 247

213 615 374 692 marinas,
400 625 438 679 ut
461 624 570 680 terras
593 626 771 680 revocaret
789 619 947 693 amissas,
970 617 1060 680 idem
1086 618 1163 682 Hu-
1174 635 1298 733 diali&

214 716 330 778 bertus
364 715 529 779 dissuasit
563 736 605 779 ne
640 736 702 779 rex
735 716 984 780 Normanniam
1016 718 1161 782 intraret
1174 736 1257 782 traina

213 813 385 878 hostiliter
406 815 460 877 vel
483 816 519 879 in
542 816 629 878 alias
653 824 763 878 terras
787 816 831 878 ad
853 815 913 898 jus
936 836 1036 879 suum
1061 837 1159 898 spec·
1174 785 1292 884 lllir‘lld‘

213 920 347 992 tantes3
371 914 462 977 unde
478 914 678 978 thesaurum
695 935 795 977 suurn
814 916 961 978 inaniter
977 935 1161 998 consump-

211 1013 257 1075 sit
271 1012 410 1088 ibidem,
432 1021 468 1077 et
486 1021 668 1094 magnatos
690 1013 752 1089 illi,
775 1015 933 1094 quicum
956 1015 1032 1096 ipso
1049 1024 1159 1079 erant.

213 1110 302 1174 Item
330 1115 446 1194 arguit
468 1132 546 1175 eum
575 1132 650 1188 rex,
672 1113 763 1194 quod
789 1113 895 1175 filiam
923 1114 1015 1194 regis
1038 1114 1160 1177 Scoto-

211 1230 297 1286 rum,
322 1231 426 1294 quam
454 1231 516 1275 rex
539 1211 718 1275 lohannes
742 1212 883 1276 tradidit
906 1213 955 1275 illi
984 1214 1020 1275 in
1044 1221 1160 1277 custo·

212 1311 317 1386 diam,
352 1318 391 1374 ut
419 1331 495 1374 eam
533 1311 599 1374 sibi
638 1313 856 1375 matrimonio
893 1313 1054 1387 sociaret,
1086 1314 1160 1394 ipse

211 1410 397 1491 proditiose
419 1412 605 1474 concubuit
626 1429 703 1473 cum
726 1430 768 1475 ea
791 1420 826 1475 et
848 1413 913 1474 sub
933 1412 1159 1476 fornicatione

211 1509 336 1573 liberos
367 1511 548 1589 generavit
577 1530 621 1573 ex
661 1511 721 1573 illa
755 1511 971 1593 nobilemque
1008 1512 1158 1593 puellam

211 1608 400 1690 prostituit,
431 1618 567 1673 etcum
595 1629 657 1690 spe
688 1611 784 1690 regni
813 1610 1006 1687 Scotorum,
1035 1612 1065 1674 si
1088 1609 1158 1675 sra-

212 1714 297 1772 trem
328 1711 577 1790 superviveret,
605 1728 680 1773 eam
711 1710 776 1771 sibi
802 1711 988 1773 subtraxit.
1057 1711 1159 1774 Dixit

211 1807 314 1871 etiam
329 1828 403 1884 rex,
418 1809 509 1890 quod
526 1807 675 1890 lapidem
692 1807 864 1889 quendam
880 1810 1081 1890 pretiosum,
1098 1811 1158 1891 qui

212 1907 315 1970 talem
336 1908 456 1972 babuit
475 1909 650 1984 virtutem,
667 1907 758 1989 quod
784 1907 881 1983 nulli,
898 1909 957 1989 qui
979 1927 1057 1970 eum
1081 1928 1157 1988 por-

212 2007 360 2070 taretin
385 2008 485 2085 bello,
505 2008 597 2072 vinci
624 2008 805 2089 potuisset,
828 2008 902 2088 ipse
929 2006 971 2068 de
995 2005 1158 2069 thesauro

210 2125 273 2170 suo
306 2106 432 2170 furtive
464 2126 635 2188 gemmam
658 2107 810 2182 sustulit,
841 2113 876 2168 et
904 2125 979 2168 eam
1014 2104 1158 2168 Loelino

210 2204 348 2269 inimico
375 2226 451 2282 suo,
475 2207 548 2287 rogi
567 2206 718 2281 Walliae,
745 2205 933 2288 proditiose
956 2203 1157 2268 transmisit.

212 2303 301 2367 Item
330 2307 362 2368 ei
388 2306 564 2387 imposuit,
590 2304 681 2387 quod
706 2325 767 2386 por
791 2305 923 2381 literaS‚
950 2323 1037 2385 quas
1068 2303 1157 2367 Loe-

210 2403 280 2468 liuo
302 2406 446 2487 principi
468 2405 676 2468 Walliarum
696 2406 947 2480 transmiserat,
969 2424 1158 2486 suspensus

209 2510 285 2567 erat
314 2512 352 2567 ut
375 2505 465 2567 latro
486 2505 539 2567 vir
561 2505 698 2580 nobilis,
715 2504 910 2568 Willelmus
934 2505 976 2565 dc
998 2505 1158 2579 Brausia‚

209 2609 245 2666 et
267 2602 455 2685 proditiose
481 2612 688 2686 peremptus.
757 2604 847 2667 Haec
874 2605 997 2677 omnia,
1025 2603 1158 2665 sivein

209 2703 367 2778 veritate,
384 2703 458 2766 sive
475 2704 649 2766 malitiosa
665 2704 905 2777 mendacitate,
923 2708 1005 2764 sunt
1020 2702 1157 2764 domino

210 2802 283 2882 regi
304 2803 349 2864 ab
374 2803 508 2866 aemulis
537 2803 673 2884 praefati
701 2802 851 2865 liuberti
878 2808 1056 2881 suggesta,
1080 2820 1158 2880 quae

211 2919 272 2964 rex
296 2901 464 2966 instantia
487 2901 680 2965 vehementi
704 2903 748 2964 ab
771 2900 889 2964 eodem
914 2899 1075 2961 Iluberto
1099 2919 1157 2961 ex·

210 3001 282 3082 egit
307 3002 383 3077 sibi,
409 3002 515 3085 juxta
541 3003 646 3065 curiae
674 3022 745 3063 suoe
766 3000 946 3083 judicium,
973 2998 1156 3061 emendari.

210 3098 311 3163 Tunc
334 3099 515 3164 Ilubertus
537 3103 573 3164 in
595 3110 691 3165 arcto
714 3087 861 3182 positus,
885 3119 962 3162 cum
988 3098 1081 3161 aliud
1105 3117 1157 3159 re-

209 3199 357 3262 medium
379 3221 447 3263 non
469 3201 622 3276 haberet,
645 3201 835 3282 postulavit
855 3200 1009 3262 inducias
1032 3198 1159 3261 delibe-

210 3298 308 3361 randi
325 3319 429 3380 super
447 3302 645 3381 praemissiS,
663 3320 833 3376 asserenn,
851 3319 905 3362 res
922 3318 1066 3380 magnas
1082 3316 1158 3360 csso

209 3407 244 3461 et
259 3399 399 3475 arduas,
422 3419 509 3481 quas
532 3420 593 3462 rex
616 3401 796 3481 proposuit
813 3407 934 3462 contra
954 3401 1093 3480 ipsum;
1124 3404 1159 3460 et

209 3498 271 3573 sic,
288 3498 436 3561 induciis
452 3500 511 3562 vix
529 3519 648 3580 aroge
665 3507 836 3563 commoto
855 3498 1028 3562 concessis
1049 3516 1158 3578 usquo

208 3596 251 3658 ad
270 3598 517 3661 exaltationem
541 3607 671 3662 sauctae
695 3599 828 3674 Crocia,
854 3597 1034 3659 Hubertus
1057 3596 1158 3657 nimis

209 3697 411 3777 perterritus
427 3698 469 3760 ad
488 3698 691 3761 Meretoniae
707 3700 896 3779 prioratum
912 3696 956 3757 ab
971 3695 1053 3757 urbe
1069 3694 1158 3755 Lon·

208 3795 387 3859 doniarum
411 3797 563 3861 divertit.
610 3798 666 3861 Sic
690 3797 883 3872 HubertuS,
901 3796 961 3876 qui
987 3793 1094 3875 prius
1115 3794 1160 3855 ob

210 3895 301 3976 regis
323 3915 474 3959 amorem
490 3905 526 3960 et
540 3897 636 3978 regni
655 3896 900 3970 del'ensionern‚
917 3894 1068 3956 omniurn
1083 3891 1158 3954 An-

210 3994 290 4075 gliae
316 4004 516 4077 magnatum
541 3997 575 4059 in
596 4017 632 4058 sc
651 4002 900 4078 provocaverat
918 3992 1046 4067 odium,
1069 4011 1159 4053 nunc

210 4113 329 4176 aroge
348 4096 515 4172 desertus
533 4097 662 4176 absque
690 4095 821 4169 anriciS,
844 4094 881 4156 lit
899 4092 992 4155 solus
1015 4098 1049 4153 ct
1066 4092 1159 4154 omni

209 4193 335 4258 solatio
354 4195 565 4274 destitutus3
593 4196 688 4259 solus
713 4195 839 4271 Lucas,
860 4191 1081 4257 Dublinensis
1104 4211 1159 4254 ar-
