2978 4996
380 430 520 479 neonus
544 430 815 480 msromsnuu.
1009 418 1074 482 127

117 588 153 651 in
170 585 311 650 abbatia
333 585 528 668 hospitatus
551 595 626 665 est3
660 588 732 664 ubi,
755 598 836 670 post
857 588 1072 671 splendidam
1086 606 1140 646 en.
1153 608 1208 645 ure

119 687 339 750 resectionem
373 705 451 749 cum
478 695 580 750 nocte
610 688 769 769 sequenti
801 688 892 752 lecto
919 708 996 752 sese
1019 709 1073 754 re-

118 787 281 867 cepisset,
296 785 412 848 clerici
437 785 526 868 ejus,
549 804 650 850 mane
674 786 767 850 laeto
789 796 825 851 et
847 787 920 851 sole
939 788 1015 870 jam
1036 789 1072 852 in

117 885 227 949 altum
267 891 446 965 vergente,
485 884 675 949 thalamum
716 886 792 968 ejus
832 886 1002 950 intrantes
1038 896 1074 951 et

117 985 215 1048 illum
241 985 395 1048 excitare
422 983 578 1047 volentes
604 986 811 1048 invenerunt
836 1005 914 1048 eum
939 994 1071 1049 mortu·

122 1103 179 1146 um
210 1090 247 1147 et
271 1083 412 1147 omnino
446 1083 651 1160 extinctum,
682 1085 741 1166 qui
770 1085 923 1147 maxima
954 1084 1072 1148 confu-

119 1184 216 1246 sione
235 1182 423 1265 stupefacti
447 1183 648 1246 oelaveruut
667 1191 812 1246 mortem
834 1183 911 1266 ejus
933 1184 988 1247 die
1012 1185 1072 1248 illo

121 1282 292 1363 usquead
314 1301 507 1363 vesperam,
529 1283 681 1362 eoquod
707 1283 838 1364 absque
857 1282 1072 1347 consessione

121 1389 158 1444 et
170 1382 297 1445 viatico
314 1382 528 1464 exspirasset
544 1401 553 1460 3
584 1381 707 1444 deinde
724 1401 807 1445 vero
829 1401 948 1445 casum
972 1383 1074 1445 mise-

120 1480 264 1543 rabilem
287 1481 394 1563 priori
418 1488 454 1544 et
471 1480 656 1544 conventui
680 1480 884 1557 indicantes,
905 1482 1073 1545 fabricata

121 1599 199 1642 cum
217 1579 436 1643 festinatione
463 1578 598 1655 lectica,
621 1598 746 1661 corpus
768 1580 1002 1663 sepeliendum
1027 1581 1071 1644 ad

121 1678 389 1742 Dunelmensem
419 1678 600 1742 ecclesiam
631 1678 838 1742 detulerunt.
887 1680 985 1743 Obiit
1013 1700 1072 1744 au-

122 1785 192 1842 tem
209 1779 320 1860 primo
342 1778 397 1841 die
414 1778 542 1841 mensis
563 1776 662 1853 Maii,
682 1785 866 1860 postquam
884 1780 1020 1843 vixerat
1037 1780 1071 1842 in

121 1879 323 1959 episcopatu
347 1878 483 1940 circiter
500 1877 601 1941 annis
620 1870 770 1940 ¹novem.
824 1877 879 1941 De
901 1877 965 1940 hoc
988 1896 1073 1958 quo·

121 1996 190 2058 que
205 1977 368 2058 episcopo
385 1995 454 2040 non
475 1975 646 2039 credimus
669 1975 742 2039 lore
762 1975 958 2051 tacendum,
980 1977 1072 2056 quod

122 2076 216 2140 circa
236 2076 408 2139 biennium
434 2084 516 2139 ante
536 2083 681 2139 mortem
705 2073 793 2158 ejus,
814 2094 875 2138 rex
899 2076 1072 2157 quondam

122 2174 317 2258 Anglorum
333 2174 356 2239 J
359 2174 513 2238 ohannes
530 2174 693 2256 apparuit
708 2175 745 2237 in
760 2175 894 2239 visione
907 2181 1074 2237 nocturna

123 2275 259 2339 cuidam
277 2273 446 2338 monacho
470 2274 514 2338 <le
531 2281 653 2338 sancto
671 2271 808 2337 Albano
831 2274 924 2356 apud
948 2273 1073 2336 Thine-

123 2393 239 2437 muam
274 2382 356 2439 tunc
393 2374 630 2450 commoranti,
662 2375 722 2454 qui
754 2373 934 2437 familiaris
961 2372 1074 2438 fuerat

122 2474 260 2554 regibus
293 2470 501 2555 Anglorum‚
539 2478 610 2536 tam
647 2473 720 2554 regi
759 2473 934 2538 Richardo
968 2493 1072 2555 quam

125 2572 205 2635 huic
220 2571 387 2648 Johanni,
407 2573 458 2636 ita
481 2571 572 2654 quod
599 2572 635 2635 in
659 2591 776 2635 eorum
800 2574 948 2653 negotiis
975 2592 1075 2635 exse·

124 2672 269 2754 quendis
302 2671 488 2754 aliquando
518 2671 679 2746 Romam,
705 2671 892 2752 aliquando
924 2672 960 2733 in
993 2671 1073 2735 Sco

123 2772 220 2848 tiam,
234 2778 269 2835 et
286 2770 330 2834 ad
345 2771 414 2834 alia
432 2770 509 2834 loca
532 2770 680 2852 plurima
701 2769 827 2831 missus
842 2769 1074 2850 propensiori·

123 2872 189 2934 bus
214 2870 280 2933 sibi
306 2869 429 2933 studiis
452 2869 638 2933 eorundem
665 2886 784 2949 regum
811 2868 959 2948 gratiam
979 2886 1073 2930 com·

123 2968 271 3051 paravit.
324 2968 498 3032 Monacho
528 2969 647 3049 itaque
678 2967 713 3029 in
741 2968 831 3030 lecto
862 2966 1073 3048 quiescente,

125 3069 262 3132 adstitit
282 3069 314 3131 ei
336 3087 399 3131 rex
421 3066 587 3149 praefatus
607 3068 642 3129 in
661 3066 814 3130 vestibus
832 3066 1017 3147 regalibus,
1033 3066 1075 3130 de

124 3187 240 3249 panno
257 3167 389 3231 scilicet
404 3185 505 3249 quem
524 3166 734 3248 imperialem
751 3166 949 3248 appellant3
973 3186 1073 3248 quem

124 3267 314 3331 monachus
339 3284 599 3348 recognoscens,
628 3285 669 3329 ac
700 3266 896 3329 memoriter
921 3266 1075 3330 recolens

125 3366 219 3448 quod
241 3374 398 3429 mortuus
421 3365 556 3441 fuisset,
583 3365 825 3429 sciscitabatur
851 3367 896 3428 ab
923 3386 965 3431 eo
991 3384 1077 3446 qua·

125 3464 206 3528 liter
219 3483 256 3527 se
275 3465 428 3529 haberet.
482 3463 548 3528 Cui
571 3469 670 3540 rex,‘
689 3463 746 3527 Ita
761 3461 838 3540 mo‚'
854 3465 979 3545 inquit,
994 3470 1004 3497 ‘
1018 3464 1077 3526 ha-

160 3672 291 3747 ΙΝοοειιι.]
314 3680 391 3729 Paris
410 3680 501 3729 inserts
520 3679 561 3728 his
581 3679 695 3740 epitaph,
715 3692 744 3728 as
761 3679 861 3726 written
879 3678 913 3738 by
928 3691 944 3725 a
960 3676 1035 3725 monk
1052 3677 1082 3725 os

125 3749 339 3810 Durbam,thus:

207 3834 383 3895 Culminaqui
398 3836 458 3897 cupi
596 3833 687 3884 laudes
699 3846 855 3894 pompasque
869 3832 911 3880 siti
949 3832 965 3903 h

209 3904 256 3952 Est
267 3904 357 3953 sedata
370 3905 391 3952 si
596 3905 618 3953 si
629 3918 669 3952 me
680 3916 786 3962 pensare
799 3901 849 3949 veli

209 3974 447 4034 Quipopulosregi
499 4009 532 4058 m
596 3986 719 4021 memores
730 3971 901 4031 superomnia
913 3971 934 4019 si
976 4004 993 4052 t.

208 4042 285 4094 Quod
294 4044 441 4092 morsimmi
534 4044 541 4069 ’
597 4056 646 4091 nou
658 4041 741 4103 parcit
752 4040 845 4089 honore
855 4042 909 4102 poti

208 4112 408 4174 Vobisproeposi
597 4112 688 4160 similis
698 4108 796 4159 sueram
808 4110 872 4159 bene
883 4112 920 4159 sci

210 4182 286 4233 Quod
298 4197 354 4231 sum
366 4183 459 4231 vocari
596 4181 629 4229 ad
641 4196 680 4231 me
692 4180 816 4230 comendo
827 4182 884 4229 reni
