2978 4996
474 440 613 488 anonas
638 440 908 492 nrsronrnnuu.
1097 434 1163 498 207

215 670 305 745 Quod
317 669 517 747 Fredm'cus,
534 672 746 735 Rornanorum
764 673 945 758 impemtu,
966 695 1102 740 reuersus
1121 687 1163 740 est

546 770 581 834 iu
596 779 712 835 umaro
726 793 825 835 utam.

263 894 392 958 Eodem
409 913 512 969 anno,
530 913 607 956 cum
620 895 833 970 Fredericus,
846 894 1082 959 Romanorum
1100 899 1161 960 im·
1176 919 1230 957 nu.
1243 920 1297 957 1220.

214 1001 364 1074 perator,
395 1000 521 1056 terram
551 1002 707 1056 sanctam
736 993 990 1058 christianitati
1022 998 1161 1060 restitu·
1174 969 1324 1067 liiblllll

213 1093 296 1155 isset
319 1099 355 1156 et
380 1101 521 1172 treugas
546 1091 750 1156 decennales
778 1112 800 1156 a
824 1092 974 1156 Soldano
997 1094 1162 1159 Damasci
1175 1069 1287 1116 ‘mm'

212 1192 414 1273 impetratas
437 1191 636 1273 juramento
657 1191 736 1254 binc
758 1191 837 1255 inde
860 1192 1109 1269 confirmasset,
1126 1195 1161 1257 in

211 1290 267 1353 die
282 1289 491 1352 inventionis
508 1298 639 1353 sanctae
656 1290 777 1353 Crucis
797 1310 904 1354 naves
926 1292 1093 1368 ascendit,
1110 1301 1161 1369 ut,

212 1388 359 1452 transito
379 1389 466 1451 mari
490 1388 756 1466 Mediterraneo,
780 1398 1011 1454 reverteretur
1033 1393 1069 1455 in
1093 1399 1161 1455 ter·

213 1506 287 1550 ram
313 1507 437 1567 suam3
470 1487 530 1549 sed
558 1489 722 1569 quoniam
749 1489 918 1566 audierat,
943 1491 1035 1572 quod
1055 1511 1078 1554 a
1097 1490 1160 1555 Jo-

212 1586 324 1650 banne
353 1586 397 1649 de
429 1587 590 1650 Breisnes
618 1587 753 1650 insidiae
780 1588 845 1650 sibi
879 1590 1093 1671 parabantur
1124 1591 1159 1653 in

213 1687 382 1767 portubus
399 1685 603 1761 cismarinis,
627 1686 820 1749 inconsulte
837 1687 950 1750 timuit
973 1689 1160 1770 applicare,

211 1791 258 1860 et,
276 1804 320 1847 ne
342 1784 385 1847 de
409 1784 486 1867 ejus
507 1785 667 1865 captione
690 1785 880 1865 gauderent
901 1786 1029 1849 inimici
1055 1789 1160 1865 illius,

210 1883 247 1945 in
269 1890 345 1947 tuto
370 1882 446 1946 loco
469 1883 647 1965 applicuit,
670 1883 857 1965 praemissis
882 1884 1160 1965 exploratoribus

211 1982 297 2058 suis,
314 1982 373 2065 qui
396 1982 637 2046 conduxerunt
657 1982 755 2044 illum
777 1981 821 2044 ad
840 1989 977 2063 portum
994 1986 1161 2047 securita-

212 2081 257 2143 tis
284 2089 320 2144 et
340 2081 476 2145 salutis.
529 2075 635 2144 'Cum
662 2088 778 2145 autem
804 2100 967 2162 prospere
987 2081 1023 2143 in
1043 2082 1162 2145 Sicilia

211 2180 435 2262 applicuisset
457 2199 533 2244 cnm
557 2180 691 2243 modico
713 2180 893 2255 comitatu,
918 2181 1052 2244 audivit
1068 2182 1160 2262 quod

210 2279 326 2342 aemuli
347 2279 423 2362 ejus
437 2278 513 2361 jam
530 2278 674 2343 castella
694 2279 804 2342 multa
826 2278 1100 2362 subjugaverant
1124 2289 1159 2344 et

209 2379 409 2460 municipia,
431 2386 467 2442 et
481 2378 573 2459 qnod
591 2379 696 2441 etiam
716 2397 778 2460 per
793 2385 903 2442 terras
925 2380 1059 2461 imperii
1076 2380 1159 2443 libe·

209 2496 285 2540 rum
309 2477 476 2540 haberent
496 2476 701 2552 discursum,
723 2496 801 2541 cum
826 2497 892 2540 non
915 2486 1007 2542 esset
1026 2480 1086 2561 qui
1109 2481 1159 2542 eis

209 2577 386 2653 obviaret3
424 2576 498 2652 sad,
532 2595 609 2639 cum
640 2575 781 2639 tandem
814 2575 889 2657 ejus
921 2576 1159 2656 divulgaretur

210 2673 393 2751 adventus,
419 2675 639 2739 confluebant
662 2674 706 2737 ad
738 2694 814 2736 eum
842 2674 996 2737 homines
1024 2676 1158 2756 imperii

211 2773 400 2849 naturales,
420 2774 478 2855 qui
503 2793 565 2857 per
581 2772 783 2836 fidelitatem
798 2772 829 2834 ei
849 2772 989 2836 suerunt
1014 2774 1157 2851 astricti,

210 2873 335 2954 quibus
356 2872 508 2936 vallatus
536 2879 573 2935 at
596 2892 640 2936 ex
665 2872 743 2935 aliis
777 2871 1045 2933 adventantibus
1059 2925 1062 2930 .
1078 2890 1160 2934 con-

210 2973 359 3035 fortatus
393 2971 558 3035 audacter
590 2970 749 3052 prorupit
776 2970 812 3032 in
844 2969 962 3032 hostes
988 2977 1023 3032 et
1049 2977 1159 3034 terras

212 3071 357 3135 amissas
373 3089 414 3133 ac
429 3077 545 3134 castra
560 3071 668 3152 coepit
684 3069 853 3151 paulatim
871 3087 1045 3132 revocare.

233 3243 322 3323 Quod
336 3265 390 3306 rea
399 3243 574 3328 Aoglorauo
589 3243 635 3307 ad
647 3242 768 3308 Natola
775 3243 848 3327 suit
862 3242 953 3328 opud
965 3241 1151 3306 Eboracum.

260 3367 365 3431 Anno
381 3368 522 3430 Domini
542 3382 713 3431 mccxxx.
731 3386 794 3431 rex
817 3365 1011 3448 Anglorum
1032 3365 1160 3430 Henri.
1172 3379 1293 3467 &adpo

211 3485 271 3530 cus
302 3465 347 3529 ad
373 3465 503 3530 Natale
535 3467 648 3530 tenuit
679 3467 808 3530 onnam
837 3484 935 3530 suam
967 3480 1044 3529 cum
1078 3486 1159 3547 rege
1171 3441 1284 3567 mpla

210 3564 391 3629 Scotorum
409 3566 501 3648 apud
518 3565 724 3642 Eboracum,
739 3584 841 3647 quem
862 3564 906 3627 ad
931 3563 1015 3626 illud
1035 3563 1159 3628 festum
1172 3578 1291 3666 fflssssssss⁸¹

200 3664 431 3745 invitaverat,
447 3672 618 3747 praesente
633 3664 893 3745 archiepiscopo
906 3662 1071 3737 civitatis,
1081 3681 1158 3725 cum
1265 3653 1270 3664 '

211 3765 405 3839 comitibuS,
423 3765 623 3840 baronibus,
645 3763 811 3827 militibus
831 3768 867 3824 et
883 3760 1014 3823 familia
1032 3779 1160 3841 magna

212 3862 323 3938 nimis,
338 3862 397 3925 nbi
417 3863 500 3926 dicti
521 3882 621 3944 reges
642 3861 753 3924 multa
767 3859 1019 3923 distribuebant
1035 3859 1161 3923 festiva

246 4059 322 4111 'Cum
330 4063 432 4126 actm]
449 4064 497 4112 See
509 4078 525 4111 a
536 4078 604 4112 more
614 4078 672 4124 par-
698 4063 731 4112 de
743 4063 769 4113 S.
780 4062 917 4125 Germano,
927 4066 976 4111 etc.
988 4062 1013 4109 in
1026 4060 1162 4122 Raynaldi,

209 4133 303 4181 ticular
318 4138 426 4181 account
442 4132 471 4180 oi
483 4132 525 4181 the
543 4147 673 4182 successes
699 4134 728 4183 ii.
738 4137 796 4194 aa.
1016 4136 1019 4143 ’

209 4200 238 4249 ol
247 4201 289 4250 the
306 4215 428 4264 emperor,
444 4200 506 4250 from
520 4201 631 4264 Courad,
642 4203 674 4252 R.
