2978 4996
388 434 528 481 ruouns
552 434 823 484 nrsronrsnuu.
1035 424 1080 486 55

127 589 294 672 ligenda3
326 598 373 667 et,
405 591 497 655 sicut
521 611 543 655 a
572 592 710 674 perfidis
739 593 958 675 postmodum
990 593 1212 699 didi·ss,·⁰·¹²,¹⁹·

128 699 252 752 cerunt
276 689 407 766 fideles,
437 692 628 773 quingenta
659 693 775 774 capita
805 691 1078 757 Christianorum
1090 670 1205 749 nlilitu-

128 787 281 852 Soldano
310 797 523 871 praesentata
555 791 706 855 suerunt.
759 790 966 855 Christianis
997 812 1078 857 vero

128 886 194 951 hoc
217 888 408 952 certissime
430 896 580 965 constat,
596 889 687 972 quod
704 891 741 953 in
757 891 935 972 praecipua
954 891 1079 956 militia

128 1006 193 1050 sua
219 986 347 1051 damna
369 987 435 1052 sibi
456 988 617 1052 luctuosa
640 990 880 1052 sustinuerunt
899 990 1078 1067 increduli,

129 1087 219 1149 unde
244 1086 416 1150 Soldanus
438 1106 544 1151 unum
566 1087 608 1149 de
626 1089 775 1170 captivis
798 1087 871 1151 suis
890 1089 934 1151 ad
958 1087 1078 1152 Chris·

129 1186 243 1248 tianos
260 1186 400 1249 mittens
419 1185 461 1248 de
479 1194 603 1267 treuga
620 1187 674 1250 vel
691 1206 776 1269 pace
792 1194 942 1251 tractare
957 1189 1078 1270 coepit,

127 1285 163 1346 in
180 1304 249 1366 quo
266 1292 415 1349 tractatu
436 1295 685 1368 reparaverunt
701 1285 868 1350 fossatum
887 1306 986 1349 suum
1010 1286 1079 1352 ele·

128 1391 253 1463 gauter
266 1392 302 1447 et
317 1384 597 1448 aliasmachinas
615 1383 815 1448 Christiani.

152 1552 294 1632 Qualiter
302 1555 464 1639 pereprini
478 1555 606 1640 quidam
621 1578 642 1620 u
658 1555 807 1621 Demleto
823 1577 883 1621 non
902 1557 1057 1622 licentiati

507 1664 699 1720 recesserunt.

196 1775 326 1843 Nautae
361 1778 500 1862 quidam
537 1797 579 1842 eo
618 1784 773 1859 tempore
807 1777 1079 1843 Christianitatis

130 1874 333 1956 proditores,
363 1887 398 1942 et
431 1898 508 1941 curn
545 1877 595 1940 eis
627 1875 815 1940 Christiani
851 1878 963 1954 multi,
997 1885 1078 1941 ante

131 1981 266 2056 tempus
296 1978 453 2042 consueti
485 1974 640 2059 passagii
669 1975 856 2039 exercitum
886 1974 1016 2038 Christi
1041 1976 1078 2038 in

129 2093 262 2139 summo
309 2076 462 2158 periculo
510 2076 734 2157 reliquerunt,
777 2073 837 2155 qui
879 2073 1078 2137 recedentes

132 2172 347 2239 Christicolis
381 2175 594 2250 moestitiam,
640 2171 843 2255 Babyloniis
884 2171 1077 2249 audaciam,

129 2272 372 2351 contulerunt;
404 2273 495 2338 unde
519 2279 706 2336 tractatum
729 2272 824 2353 pacis
846 2271 1077 2335 intermitten-

133 2378 185 2433 tes
215 2371 395 2450 increduli,
424 2374 461 2436 iu
489 2367 626 2453 ¹vigilia
656 2383 856 2435 sanctorum
881 2369 1018 2434 Cosmae
1043 2378 1079 2434 et

132 2469 296 2534 Damiani
323 2480 359 2537 et
381 2471 540 2554 proximo
564 2470 620 2534 die
649 2469 820 2552 sequenti,
850 2488 928 2533 cum
955 2470 1078 2551 galeiis

130 2575 166 2631 et
183 2570 337 2635 barbotis
361 2572 503 2635 armatis
529 2589 591 2651 per
618 2568 746 2632 flumen
773 2576 808 2632 et
833 2576 972 2646 terram,
999 2588 1077 2633 cum

130 2670 372 2749 mangonellis,
391 2670 526 2751 targiis,
551 2675 588 2731 et
609 2668 790 2731 fruticibus
816 2687 878 2749 pro
903 2667 1078 2749 implendo

130 2764 407 2833 Christianorum
444 2769 589 2843 fossato,
626 2759 823 2848 ²petieruut
854 2785 914 2829 eos
948 2766 1078 2847 impetu

129 2875 297 2952 consueto
319 2875 355 2932 et
377 2869 557 2931 barbarica
582 2865 718 2928 feritate
745 2863 939 2946 multosque
960 2862 1079 2927 fideles

129 2964 195 3029 hoc
216 2967 332 3030 subito
359 2967 489 3050 impetu
519 2969 764 3047 peremerunt;
802 2963 861 3025 sed
888 2962 1078 3043 triumpha·

131 3072 187 3127 tor
209 3065 244 3128 in
263 3065 386 3141 Israel,
402 3066 621 3147 omnipotens
638 3063 748 3139 Deus,
764 3062 888 3125 castris
910 3061 983 3124 suis
1000 3081 1080 3142 pro-

130 3163 229 3240 vidit,
258 3165 363 3228 misso
393 3185 455 3247 per
480 3182 575 3226 mare
603 3162 768 3226 Savarico
796 3160 839 3225 de
867 3160 1079 3225 Malo-leone

130 3282 206 3325 cum
222 3263 344 3345 galeiis
359 3262 502 3327 armatis
518 3270 554 3326 et
564 3261 790 3325 bellatoribus
807 3260 937 3324 multis.
978 3259 1079 3324 Tunc

130 3360 332 3439 Christiani,
354 3363 419 3426 hoc
439 3363 527 3436 viso,
549 3360 585 3423 in
606 3360 667 3423 illo
690 3360 907 3424 necessitatis
932 3358 1079 3422 articulo

128 3462 368 3526 clamaverunt
386 3462 421 3525 iu
449 3460 585 3536 caelum,
610 3459 724 3522 Deum
748 3458 929 3522 laudantes
953 3465 988 3522 et
1009 3478 1079 3522 non

130 3561 356 3642 trepidantes,
379 3560 440 3623 sed
468 3560 504 3623 in
533 3559 653 3641 praelio
681 3558 837 3621 hostibus
858 3556 1002 3620 viriliter
1025 3576 1079 3619 re-

128 3660 290 3723 sistentes
313 3659 508 3723 incredulos
530 3657 689 3721 recedere
716 3655 957 3738 compulerunt
979 3653 1080 3717 Illius

128 3759 257 3822 virtute
273 3759 334 3842 qui
348 3759 463 3822 salvat
479 3764 659 3839 sperantes
673 3757 709 3819 in
725 3775 775 3819 se.

165 3934 285 3998 ¹Vigiliu
306 3894 444 3985 sunctum
462 3937 554 3984 Cosmoe
571 3938 595 3983 et
656 3924 841 3998 ’Petieruut.]
870 3928 1035 3979 ‘Perierunt’
1055 3928 1081 3976 in

131 4000 273 4073 Dumium]
296 4006 559 4068 botholseptember.
622 4002 678 4051 MS.
