2978 4996
256 629 311 668 Ml.
323 629 379 668 122&

255 2195 302 2235 The
310 2196 386 2236 buram

255 2255 355 2285 murmur

255 2295 340 2342 malunt

255 2343 339 2383 Hubert
347 2344 373 2383 de

256 2393 336 2443 Burgh.

414 425 458 489 88
670 439 803 487 nocnar
830 439 876 485 nn
899 435 1106 486 wannovnn

417 618 498 661 nare
516 598 703 661 contendit.
754 597 934 678 Rogamus
949 595 1057 676 igitur
1072 595 1240 657 attentius
1255 601 1291 657 et
1306 612 1369 675 per
1396 643 1404 658 ,

416 699 649 779 aspersionem
676 697 856 778 sanguinis
882 695 970 757 Jesu
994 694 1135 769 Christi,
1162 700 1198 756 et
1216 712 1367 776 propen-

416 798 489 860 sius
519 798 750 870 obsecramus,
780 792 1143 864 auctoritate,domiui
1167 811 1281 875 papae,
1297 810 1367 873 qua

416 896 594 976 fungimur
624 896 660 958 in
688 894 753 959 hac
783 901 894 977 parte,
925 893 1081 956 districte
1113 890 1367 973 praecipientes,

418 1001 588 1076 quatenus
619 994 767 1057 veniatis
793 993 939 1055 Senonis
971 992 1007 1054 in
1032 991 1167 1054 octavis
1190 990 1367 1073 apostolo-

417 1114 494 1157 rum
522 1093 618 1156 Petri
643 1101 680 1155 et
703 1091 804 1156 Pauli
832 1092 992 1173 proxime
1008 1089 1146 1166 suturis,
1169 1089 1229 1153 ubi
1252 1089 1368 1152 etalii

417 1193 553 1273 praelati
574 1192 744 1267 Franciae,
758 1191 896 1254 favente
920 1190 1081 1263 Domino,
1105 1189 1366 1268 congregabun-

419 1299 487 1367 tur,
510 1292 624 1372 parati
648 1290 829 1352 consilium
859 1289 942 1352 dare
966 1289 1002 1351 in
1026 1288 1165 1368 negotio
1187 1285 1366 1368 praedicto,

418 1397 545 1452 etcum
561 1389 650 1464 aliis,
667 1389 726 1470 qui
740 1388 866 1452 ibidem
884 1387 1042 1462 aderunt,
1065 1386 1246 1467 providere
1263 1405 1368 1467 super

419 1488 559 1568 negotio
585 1486 791 1568 Albigensi3
820 1486 973 1568 alioquin
998 1485 1264 1550 inobedientiam
1288 1503 1365 1548 ves-

419 1595 508 1648 tram
525 1586 664 1649 domino
680 1604 780 1668 papae
798 1586 993 1648 curabimus
1013 1583 1218 1665 significare.
1271 1584 1368 1648 Data

421 1678 604 1762 Planium‚¹
622 1693 725 1749 sexto
745 1701 854 1748 nonas
870 1684 893 1746 J
897 1684 982 1748 ulii!
1033 1682 1099 1746 Sed
1121 1682 1213 1746 hunc
1228 1683 1366 1747 tandem

418 1784 605 1848 tumultum
633 1805 726 1849 mors
747 1784 904 1866 praedicti
926 1785 1101 1866 antipapae
1123 1782 1279 1846 celeriter
1299 1789 1368 1846 ter-

416 1883 573 1947 minavit.

439 2059 488 2122 Da
503 2056 687 2144 quibusdum
702 2057 866 2124 doreadas
880 2059 1010 2124 salama
1025 2059 1160 2124 cantore
1175 2056 1352 2123 nebridas.

469 2181 599 2245 Eodem
618 2202 710 2247 anno
726 2184 878 2247 surrexit
894 2183 1121 2247 murmuratio
1142 2202 1211 2246 non
1232 2182 1368 2246 modica

417 2300 439 2344 a
467 2281 687 2361 magnatibus
702 2281 841 2362 Angliae
855 2290 978 2346 contra
997 2282 1193 2345 Hubertum
1215 2281 1258 2344 de
1277 2281 1367 2344 Bur·

418 2398 464 2459 go
491 2378 733 2461 justiciarium,
760 2375 837 2462 ²qui
863 2400 982 2463 pacem
1011 2381 1109 2463 regni
1136 2379 1252 2444 conati
1284 2387 1367 2442 sunt

417 2479 644 2559 perturbare;
685 2479 846 2543 dicebant
877 2481 968 2544 euim
1004 2480 1048 2542 ad
1081 2480 1240 2556 invicem,
1274 2479 1366 2559 qnod

418 2575 569 2638 animum
592 2579 684 2659 regis
704 2581 935 2660 exasperabat
956 2588 1078 2642 contra
1103 2578 1195 2654 illos,
1218 2586 1253 2640 et
1274 2578 1366 2660 quod

417 2675 575 2739 similiter
592 2697 660 2740 non
677 2679 786 2759 aequis
800 2678 934 2759 legibus
948 2697 1091 2758 reguum
1110 2678 1263 2759 regebat.
1295 2676 1366 2740 Ac·

417 2775 521 2837 cessit
545 2785 714 2857 praeterea
739 2777 781 2839 ad
810 2777 951 2860 majoris
980 2776 1048 2839 odii
1074 2777 1282 2841 incentivum
1307 2775 1368 2838 ad·

418 2881 543 2937 ventus
574 2876 770 2938 nuntiorum
796 2877 901 2957 regis,
927 2895 1015 2957 qnos
1042 2874 1189 2939 Romam
1213 2873 1366 2951 miserat,

418 2973 476 3052 qui
499 2972 628 3035 bullam
653 2973 781 3035 domini
811 2993 912 3056 papae
938 2973 1205 3057 archiepiscopis
1227 2973 1367 3055 Angliae

417 3077 450 3132 et
468 3089 586 3132 eorum
602 3071 829 3151 suffraganeis
846 3073 1058 3149 deserebant,
1075 3092 1153 3155 quae
1170 3073 1274 3137 talem
1288 3091 1367 3135 con·

416 3168 546 3231 tinebat
568 3170 786 3245 sententiam,
801 3171 970 3246 videlicet,
991 3172 1083 3253 quod
1098 3172 1258 3235 dominns
1272 3190 1364 3253 papa

416 3284 531 3345 regem
553 3264 693 3347 Angliae
709 3269 819 3351 plenae
842 3272 956 3334 aetatis
978 3270 1249 3354 adjudicaverat,
1267 3277 1306 3333 nt
1323 3269 1367 3333 de

416 3371 542 3426 caetero
561 3369 701 3446 negotia
718 3370 813 3448 regni
836 3369 925 3431 idem
949 3389 1010 3432 rex
1034 3369 1270 3451 principaliter
1287 3388 1365 3432 cum

416 3481 556 3524 suorum
589 3464 851 3530 domesticorum
880 3468 1023 3532 consilio
1049 3469 1235 3532 ordinaret.
1286 3466 1365 3549 Sig-

417 3560 571 3627 nificavit
606 3566 709 3627 etiam
744 3567 1005 3630 exsecutoribus
1035 3568 1224 3650 praelibatis
1252 3565 1367 3630 dictus

452 3783 618 3852 'Planium.]
636 3786 774 3850 ‘Provin;'
800 3791 876 3841 Thes.
903 3807 935 3841 on
959 3793 1001 3840 the
1022 3797 1086 3841 state
1104 3792 1133 3841 oi
1148 3793 1191 3842 the
1209 3796 1326 3855 country,
1341 3792 1367 3841 in

415 3855 573 3906 Anecd.col.
585 3862 643 3906 903.
902 3862 987 3910 which
1004 3861 1036 3911 he
1052 3863 1114 3910 aslis
1130 3861 1197 3911 them
1213 3868 1239 3911 to
1255 3863 1329 3912 write
1341 3869 1366 3913 to

903 3930 946 3979 the
958 3933 1059 3992 barone,
1070 3932 1161 3993 urging
1173 3932 1240 3980 thern
1252 3936 1278 3980 to
1287 3946 1366 3992 peace

452 3991 523 4048 ’Qui
539 4009 621 4056 pacem
636 3995 709 4056 regni
726 4000 806 4046 conati
822 4004 879 4047 ruat
904 4000 955 4048 and
967 4001 1112 4049 obedienee.
1148 4000 1219 4061 They
1230 4015 1274 4049 ure
1290 4000 1366 4050 dated

414 4059 580 4129 perimere]
599 4065 629 4111 ln
642 4065 736 4123 aymer
747 4081 789 4115 are
801 4069 881 4127 print·
904 4070 963 4117 luth
977 4070 1129 4131 November,
1145 4070 1170 4117 in
1188 4070 1230 4117 the
1247 4085 1368 4131 presence

416 4130 448 4176 ed
473 4135 524 4179 two
550 4132 636 4181 letters
658 4134 688 4181 oi
708 4134 749 4183 the
775 4136 836 4198 lring
854 4142 880 4186 to
905 4139 934 4187 ot'
943 4140 978 4188 H.
990 4139 1023 4186 de
1035 4138 1134 4200 Burgh‚
1144 4140 1194 4187 and
1206 4139 1248 4188 the
1263 4139 1368 4204 hishops

416 4198 458 4246 the
475 4214 541 4260 pope
559 4201 609 4249 and
626 4203 712 4252 Gualo
729 4204 771 4253 the
788 4206 880 4268 legate,
904 4208 933 4257 of
943 4209 1008 4257 Bam
1021 4209 1071 4258 and
1082 4208 1225 4270 Salisbury.
