2978 4996
392 440 532 489 ruonns
556 441 826 491 rusronrlauu.
1032 428 1077 492 63

127 621 221 679 nam,
244 600 343 685 cujus
365 600 577 665 habitatores
597 620 642 665 ex
666 600 724 664 diu
745 601 947 665 dicebantur
968 601 1078 666 baere·
1092 618 1146 659 nn.
1159 619 1213 657 me

129 703 200 766 tica
221 702 395 783 pravitate
422 700 557 777 foedati,
582 694 693 763 ¹illam
720 701 898 764 obsidione
920 703 1078 767 vallavit.

129 800 373 883 Machinisque
398 800 505 881 igitur
527 820 589 882 per
614 819 737 881 gyrum
758 801 948 876 collocatis,
971 802 1079 864 insul-

130 908 188 964 tus
221 901 407 963 acerrimos
443 900 596 962 crebrius
632 899 830 978 iterabant;
877 900 967 981 quod
1001 921 1078 963 cum

129 1001 223 1063 cives
245 998 502 1081 cognovissent,
526 999 569 1060 ad
591 997 822 1061 defensionem
845 1017 921 1060 sese
943 1018 1079 1080 praepa-

128 1100 254 1162 rabant
275 1097 522 1179 machinasque
544 1105 666 1160 contra
688 1096 864 1160 machinas
887 1098 1078 1178 erigebant,

129 1199 189 1261 ubi
218 1217 296 1261 curn
334 1197 547 1260 Francorum
575 1197 749 1259 exercitus
779 1196 839 1258 diu
870 1204 905 1259 et
932 1197 1081 1259 inaniter

128 1297 335 1372 laborasset,
368 1296 461 1359 facta
498 1302 551 1358 est
579 1295 616 1356 iu
649 1295 778 1377 populo
814 1295 923 1358 fames
952 1295 1080 1372 valida,

131 1414 236 1478 quam
267 1396 372 1458 etiam
399 1395 585 1457 subsecuta
611 1402 664 1457 est
684 1392 760 1457 dira
790 1395 984 1458 mortalitas
1009 1402 1081 1458 tam

131 1494 308 1557 hominum
325 1511 429 1574 quam
446 1512 625 1574 equorum.
675 1493 794 1556 Simon
813 1513 950 1575 quoque
966 1513 1080 1557 comes

132 1591 398 1668 Montis-fortis,
427 1591 486 1673 qui
520 1593 680 1672 princeps
713 1590 846 1655 militiae
877 1599 964 1667 erat,
999 1600 1081 1655 ante

132 1700 268 1774 portam
296 1690 463 1765 civitatis,
491 1689 606 1772 lapide
639 1690 681 1753 de
713 1691 866 1771 petraria
890 1691 1015 1754 emisso
1045 1692 1080 1753 in

130 1791 245 1874 capite
273 1808 470 1873 percussus,
496 1796 571 1852 toto
594 1790 743 1852 contrito
769 1808 923 1871 corpore,
947 1782 1081 1853 ²subit0

132 1889 349 1972 exspiravit3
379 1888 486 1952 frater
516 1906 655 1970 quoque
684 1887 837 1971 ejusdem
869 1888 1018 1951 Simonis
1045 1890 1080 1950 in

133 1988 311 2053 obsidione
338 1986 519 2070 cujusdam
554 1987 673 2063 castri,
704 1986 796 2069 quod
829 2006 899 2050 non
930 1987 1033 2067 longe
1060 2006 1082 2049 a

132 2088 288 2152 Tholosa
313 2086 433 2163 distat,
457 2086 500 2148 ad
528 2087 704 2149 cumulum
730 2085 858 2148 doloris
882 2085 1082 2162 multorum,

133 2186 248 2270 lapide
287 2185 446 2249 similitor
478 2185 569 2249 ictus
599 2185 689 2249 diem
722 2183 848 2248 clausit
877 2191 1081 2247 extremum.

135 2286 251 2367 Igitur
272 2286 309 2348 in
334 2284 490 2348 exercitu
517 2283 706 2360 Lodowici,
728 2291 768 2346 ut
790 2284 992 2365 praedictum
1017 2291 1082 2360 est,

132 2386 316 2467 ingruente
333 2382 424 2447 same
445 2402 523 2446 cum
547 2382 721 2446 hominum
745 2383 957 2447 mortalitate
977 2395 1012 2447 et
1028 2403 1083 2446 re·

134 2504 211 2547 rum
239 2484 390 2547 omnium
416 2481 583 2545 damnosa
613 2481 713 2545 nimis
736 2481 972 2560 diminutione,
994 2483 1083 2545 idem

135 2582 341 2646 Lodowicus
360 2600 439 2644 cum
461 2580 615 2662 reliquiis
638 2580 757 2663 populi
780 2582 834 2644 sui
857 2581 1022 2646 confusus
1039 2580 1082 2644 ad

137 2680 273 2746 Gallias
294 2679 471 2745 remeavit.

280 2853 329 2916 De
345 2852 480 2916 recaredo
497 2852 689 2915 occursatione
704 2853 784 2935 repis
799 2851 942 2914 Heurici.

188 2974 292 3040 Anno
322 2976 464 3039 Domini
498 2991 640 3041 mccxx.
665 2995 727 3038 rex
759 2974 932 3038 Honricus
954 2972 1021 3037 suit
1043 2973 1085 3036 ad
1099 2991 1154 3030 lo.
1165 2991 1222 3030 1220.

138 3075 253 3139 natale
280 3075 423 3139 Domini
451 3073 545 3156 apud
576 3074 853 3156 Merlebergiam,
883 3074 996 3137 adbuc
1023 3074 1087 3137 sub
1098 3042 1201 3130 hollo.

138 3174 298 3238 custodia
328 3173 426 3237 Petri
451 3173 704 3238 wintoniensis
735 3174 888 3256 episcopi
918 3173 1088 3237 constitu·

140 3281 221 3352 tus;
254 3292 324 3355 quo
351 3272 456 3337 etiam
489 3291 580 3335 anno
613 3280 800 3336 coronatus
830 3280 884 3336 est
908 3273 998 3336 idem
1024 3292 1087 3335 rex

136 3372 229 3453 apud
255 3365 500 3435 ³Cantuariam
528 3371 565 3434 iu
587 3370 644 3434 die
666 3379 787 3435 sancto
817 3371 1042 3436 Pentecostes
1067 3390 1089 3434 a

138 3469 316 3553 Stephano
344 3471 498 3554 ejusdem
526 3470 679 3534 civitatis
705 3470 977 3553 archiepiscopo,
999 3490 1089 3552 pree·

137 3622 172 3671 lis
188 3622 238 3670 and
254 3622 391 3682 Taurum
409 3621 482 3669 Brito
484 3636 529 3682 ,p.
544 3624 599 3669 113.
627 3621 660 3681 by
674 3620 736 3681 him,
752 3626 778 3668 to
795 3621 904 3682 Stephen
921 3621 953 3669 de
970 3621 1091 3680 Segrnve,

176 3689 265 3740 'litun
272 3691 395 3740 obridbne
402 3690 524 3753 milevit]
539 3689 602 3738 ‘'l'e·
626 3689 711 3739 which
724 3655 840 3752 hagino,‘
848 3690 1012 3745 Audivimus,
1021 3689 1090 3748 quod

138 3760 199 3822 pide
216 3764 427 3823 oppugnaverunt
437 3774 510 3819 eam
516 3758 603 3808 ’teia
627 3774 711 3809 comes
730 3761 816 3808 Simon
834 3759 866 3806 de
888 3759 987 3806 Monte·
988 3756 1070 3805 forti'
1063 3772 1090 3805 rn

176 3828 287 3879 ’Subito
306 3829 465 3899 exopimoitg]
484 3795 526 3876 lle
542 3828 602 3876 died
627 3829 681 3879 iata
698 3823 849 3887 concessit3’
872 3829 893 3874 it
909 3828 932 3875 is
953 3825 1030 3874 dated
1046 3827 1089 3875 the

138 3897 182 3946 the
204 3913 266 3959 year
286 3898 372 3947 before
395 3899 437 3947 the
463 3898 555 3947 arrival
578 3897 606 3945 ol
628 3898 777 3958 aethiuty:
795 3913 821 3957 p.
834 3900 891 3946 ³66.

139 3967 228 4024 Leuis,
240 3984 273 4017 on
283 3968 394 4017 thenath
406 3967 525 4027 osJune3
542 3966 603 4015 ibid.
662 3965 854 4015 ’cantuarium
873 3961 886 4032 ]
923 3965 1012 4025 lienry
1035 3978 1091 4012 was

139 4052 166 4098 p.
190 4042 256 4085 112:
281 4052 323 4087 see
346 4038 401 4086 also
423 4038 465 4086 the
491 4036 604 4085 metricat
629 4036 746 4084 crownod
762 4041 788 4083 at
800 4036 973 4083 westminster
988 4034 1091 4083 accord-

138 4105 236 4166 history
263 4107 348 4155 before
392 4106 544 4166 mentioned,
576 4105 604 4154 ll.
629 4105 809 4167 ingtoallthe
822 4105 989 4164 ebroniclers3
1006 4104 1090 4153 which

140 4178 217 4235 8447,
232 4190 296 4238 seqq.
332 4176 364 4224 In
380 4177 423 4225 the
440 4176 516 4225 Cleua
534 4175 605 4223 Rolls
630 4177 653 4224 is
663 4175 759 4237 proved
770 4176 803 4236 by
815 4176 917 4225 varioru
928 4175 1090 4225 writsinthe

140 4245 165 4293 is
179 4260 196 4294 a
211 4251 285 4307 grant
300 4244 329 4295 ot
343 4246 428 4308 lande,
446 4244 530 4295 before
546 4243 605 4294 held
631 4246 706 4295 Close
717 4245 797 4297 Rolls.
