2978 4996
260 629 315 670 Ad).
327 629 383 667 122⁹.

259 680 306 719 'l'he
314 689 385 727 empe-

259 729 310 768 ror'r
323 729 385 767 letter

260 783 282 818 to
291 779 370 827 Reum.

421 434 487 499 192
677 446 810 495 nocem
836 447 882 493 nn
906 412 1119 495 wssoovnn'

423 607 598 670 civitatem
621 604 854 682 Hierusalem,
872 604 962 668 sicut
980 604 1103 668 melius
1123 624 1276 687 unquam
1294 606 1374 686 fuit,

423 705 631 769 reaedificare
658 705 757 768 uobis
777 704 892 779 liceat,
909 704 1096 768 secundum
1120 713 1274 786 pactum,
1296 727 1373 771 nec-

423 825 491 867 non
515 811 550 867 et
566 811 717 868 castrum
739 802 763 867 J
765 822 891 885 oppeu,
913 810 1065 865 castrum
1090 803 1275 882 Caesareae,
1297 826 1374 870 cas·

423 912 514 967 trum
537 903 698 985 Sydonis,
723 910 758 965 et
771 910 922 965 castrum
945 910 1076 966 sanetae
1102 902 1227 967 Mariae
1242 904 1374 970 Teuto-

424 1005 589 1079 nicorum,
610 1002 701 1083 quod
723 1001 846 1064 fratres
869 1001 978 1082 ipsius
998 1001 1121 1065 domus
1144 1003 1180 1065 in
1207 1010 1375 1068 montana

423 1100 547 1165 Achon
566 1100 736 1164 aedificare
750 1108 943 1182 coeperunt,
959 1108 995 1163 et
1010 1100 1054 1163 ab
1070 1101 1150 1164 olim
1167 1102 1264 1166 nullo
1278 1112 1372 1167 treu-

424 1221 546 1282 garum
573 1207 726 1281 tempore
760 1199 963 1281 permissum
991 1200 1127 1271 exstitit
1153 1199 1374 1279 Christianis,

425 1302 499 1383 ipse
517 1307 632 1362 tamen
654 1298 825 1362 Soldanus
849 1316 958 1379 usque
980 1298 1024 1361 ad
1043 1298 1145 1361 finem
1160 1307 1374 1382 treugarum,

425 1418 503 1481 qum
520 1398 610 1461 inter
632 1417 695 1461 nos
713 1404 749 1460 et
763 1398 875 1479 ipsum
899 1416 962 1479 per
976 1395 1178 1461 decennium
1202 1408 1284 1463 suut
1300 1407 1374 1464 sta·

425 1506 524 1573 tutae,
547 1496 692 1560 aedificia
714 1495 769 1560 vel
794 1503 909 1559 castra
939 1496 1057 1576 aliqua
1079 1497 1121 1561 de
1144 1518 1235 1563 novo
1260 1499 1374 1563 lacere

426 1597 482 1660 vel
502 1596 673 1659 aedificare
697 1614 765 1660 non
790 1595 903 1658 debet.
949 1594 1074 1676 Sicque
1099 1594 1155 1660 die
1178 1597 1374 1676 Dominica,

426 1695 559 1759 decimo
583 1701 709 1759 octavo
729 1693 784 1757 die
806 1694 933 1757 mensis
955 1693 1134 1758 Februarii
1154 1715 1264 1777 nuper
1286 1717 1375 1779 proe-

428 1794 533 1870 teriti,
557 1794 612 1857 die
634 1792 765 1857 scilicet
784 1793 822 1856 in
843 1813 912 1874 quo
935 1791 1095 1857 Christus
1123 1794 1189 1857 Dei
1219 1794 1330 1859 Filius
1352 1816 1374 1860 a

428 1893 573 1957 mortuis
593 1892 793 1968 resurrexit,
816 1900 852 1955 et
873 1892 909 1954 iu
932 1893 1131 1955 memoriam
1152 1897 1374 1960 resurrectio-

428 1994 481 2057 nis
510 1991 702 2056 Dominicae
723 2011 745 2054 a
767 1990 973 2055 Christianis
993 1992 1152 2055 omnibus
1175 1999 1247 2057 tam
1272 2013 1375 2075 gene·

428 2092 546 2156 raliter
568 2109 672 2173 quam
702 2089 902 2153 solemniter
927 2089 1052 2153 colitur
1077 2099 1112 2155 et
1131 2100 1317 2156 veneratur
1338 2095 1374 2157 in

429 2192 523 2267 orbe,
545 2188 728 2252 concordia
748 2187 943 2271 hujusmodi
966 2188 1143 2253 hincinde
1163 2192 1299 2255 exstitit
1316 2193 1373 2276 ju·

429 2295 583 2352 ramento
598 2287 745 2349 firmata.
792 2286 886 2350 Vere
902 2288 1010 2369 igitur
1029 2308 1120 2351 nuuc
1136 2290 1234 2354 nobis
1249 2299 1284 2354 et
1301 2311 1375 2354 om·

429 2389 530 2450 nibus
551 2386 708 2450 illuxisse
731 2386 843 2450 denuo
865 2387 959 2450 risus
982 2395 1035 2450 est
1052 2386 1126 2451 dies
1151 2386 1222 2464 ille,
1246 2390 1374 2471 inquo

428 2485 543 2566 angeli
562 2485 760 2549 cecinerunt
783 2485 872 2559 Deo,
899 2484 1043 2549 ‘Gloria
1067 2486 1103 2548 in
1126 2489 1275 2551 excelsis
1298 2490 1373 2554 Deo

428 2592 462 2648 et
480 2585 516 2647 iu
537 2592 630 2647 terra
652 2604 735 2666 pax,
758 2583 954 2648 hominibus
974 2585 1067 2648 bona
1084 2586 1272 2651 voluutas'
1316 2588 1372 2653 Ad

429 2682 696 2765 recognitionem
720 2702 802 2747 vero
827 2691 896 2747 tam
923 2684 1064 2764 grandis
1088 2685 1244 2749 beneficii
1268 2688 1374 2752 tanti·

429 2804 496 2866 que
519 2783 671 2859 honoris,
693 2801 784 2864 quae,
810 2789 936 2865 praeter
958 2783 1081 2846 merita
1100 2792 1220 2847 nostra
1241 2793 1278 2848 et
1292 2806 1374 2851 con-

429 2890 484 2946 tra
513 2883 706 2964 opinionem
737 2882 936 2957 multorum,
958 2881 1002 2943 ad
1029 2901 1213 2963 perennem
1243 2885 1376 2950 miseri-

428 2982 554 3046 cordiae
570 3001 643 3044 sum
666 2980 802 3043 laudem
826 2980 1091 3044 misericorditer
1112 2982 1261 3046 contulit
1276 2984 1375 3049 nobis

431 3080 539 3155 Deus,
559 3087 594 3142 et
611 3086 650 3141 ut
666 3079 701 3140 in
717 3079 794 3143 loco
813 3099 877 3142 suo
896 3088 1018 3143 sancto
1035 3080 1181 3144 vitulum
1204 3081 1374 3147 labiorum

430 3185 624 3243 nostrorum
647 3177 875 3259 personaliter
895 3178 1075 3242 offeremus
1097 3180 1219 3256 eidem,
1242 3183 1377 3246 noveri-

430 3278 488 3352 tis,
510 3276 601 3358 quod
620 3277 675 3340 die
692 3277 841 3354 sabbati,
859 3278 990 3342 decimo
1008 3277 1155 3359 septimo
1176 3279 1232 3343 die
1248 3284 1376 3346 mensis

432 3376 552 3438 Martii
574 3375 678 3459 hujus
704 3377 867 3440 secundae
890 3376 1100 3454 indictionis,
1126 3397 1204 3441 cum
1226 3382 1377 3462 peregri-

431 3475 484 3543 nis
501 3476 670 3551 omnibus,
684 3475 744 3556 qui
759 3476 936 3538 nobiscum
954 3475 1100 3539 fideliter
1113 3476 1291 3542 Christum
1310 3479 1377 3544 Dei

433 3575 559 3638 Filium
590 3583 671 3638 sunt
693 3573 816 3650 secuti,
841 3574 1046 3637 intravimus
1069 3583 1226 3641 sanctam
1253 3579 1377 3642 civita·

430 3683 500 3739 tem
526 3673 758 3749 Hierusalem,
784 3680 819 3736 et
841 3673 971 3750 statim,
994 3681 1160 3755 tauquam
1185 3676 1376 3742 catholicus

430 3775 628 3855 imperator,
648 3773 793 3837 adorato
814 3772 996 3854 sepulchro
1014 3773 1197 3839 Dominico
1218 3795 1377 3840 reveren·

431 3881 494 3951 ter,
530 3873 689 3955 sequenti
720 3871 775 3934 die
808 3865 984 3937 ¹cor0nam
1014 3875 1243 3954 portavimus,
1273 3895 1377 3958 quam

466 4021 634 4086 'Coronom.]
665 4023 783 4072 Frederic
801 4023 891 4084 placed
916 4037 971 4073 was
999 4025 1164 4086 unattended,
1190 3990 1379 4091 bonesen—ln}

431 4094 472 4142 the
489 4108 573 4142 erown
591 4108 659 4155 upon
679 4093 719 4140 his
737 4107 794 4141 own
816 4092 892 4154 head,
916 4094 1003 4153 auyol
1011 4094 1054 4142 the
1065 4094 1186 4157 religione
1202 4094 1287 4145 cilices
1303 4099 1380 4148 usuul

431 4163 524 4212 amidst
549 4163 624 4210 much
657 4177 733 4223 pomp
763 4162 812 4210 and
843 4163 892 4211 cir·
916 4163 1175 4225 onsuchoccaslons;
1192 4165 1381 4233 seeMielruud,

431 4237 575 4281 cumstance
592 4231 711 4293 supplied
727 4231 762 4292 by
772 4231 815 4280 the
826 4231 893 4283 Ger-
916 4232 954 4282 iii.
966 4247 993 4294 p.
1004 4236 1045 4284 89.

430 4316 488 4352 man
510 4301 561 4351 and
574 4300 698 4350 Teutonic
718 4300 831 4363 knights.
868 4302 893 4349 lt
