2978 4996
470 434 609 487 enonas
633 441 903 490 nrsronrnnun.
1095 428 1161 492 135

210 617 271 680 per
307 597 533 679 promissione
565 617 629 660 sua
662 597 822 661 fiduciam
856 599 1023 663 habentes
1055 606 1090 662 et
1116 599 1226 664 deno.
1240 616 1295 654 ¹²²⁶·

208 690 330 760 fraude
362 695 447 759 nibil
476 696 655 759 sinistrum
685 698 914 778 suspicantes,
944 699 1009 762 sub
1040 698 1158 762 condi-

211 797 303 860 tione
343 795 522 877 praedicta,
562 796 719 876 praestito
758 797 919 878 utrinque
946 798 1158 880 juramento,

208 902 452 959 concesserunt
472 894 591 975 legato
615 914 694 957 cum
722 896 877 976 praelatis
900 896 1102 978 simpliciter
1123 904 1159 960 et

209 1014 328 1058 eorum
350 993 500 1075 sequelis
516 993 710 1074 ingressum
727 995 846 1074 urbis;
869 1014 957 1076 quos
972 994 1100 1070 dolose,
1120 1002 1159 1058 ut

210 1094 437 1175 praelocutum
453 1091 578 1169 fuerat,
594 1092 820 1175 Francigenaa
835 1094 965 1174 apertis
976 1093 1097 1177 januis
1109 1094 1160 1156 vi·

210 1192 342 1256 olenter
363 1192 625 1272 subsequentes,
646 1200 763 1273 spreto
786 1193 933 1274 turpiter
948 1192 1160 1275 juramento,

211 1292 304 1355 cives
340 1278 505 1372 ceperunt
534 1300 569 1354 et
596 1309 656 1353 eos
685 1290 831 1355 vinculis
865 1291 1159 1367 constrinxemnt,

211 1397 246 1453 et
267 1389 422 1453 dolosam
448 1390 499 1453 sic
526 1389 643 1470 adepti
664 1389 844 1455 victoriam
871 1391 1094 1455 nobilissimae
1112 1392 1160 1454 ci·

213 1489 332 1553 vitatis
360 1495 473 1551 turres
503 1497 540 1552 et
559 1489 688 1551 moenia
712 1488 966 1571 confregerunt.
1029 1489 1063 1553 N
1067 1489 1159 1553 ovis·

211 1588 296 1652 sime
320 1607 403 1650 vero
430 1587 579 1669 legatus,
603 1587 744 1652 civitate
772 1590 836 1652 sub
865 1589 1077 1652 Francorum
1100 1589 1160 1651 de·

213 1695 336 1769 putata
363 1686 532 1762 custodia,
555 1687 672 1750 soluta
697 1686 886 1763 obsidione,
913 1707 1039 1769 corpus
1068 1689 1160 1768 regis

211 1785 364 1850 defuncti
388 1803 466 1848 cum
495 1785 717 1867 praelatorum
737 1785 888 1848 tumultu
909 1785 1065 1849 Parisius
1082 1786 1159 1868 jus·

212 1887 259 1950 sit
280 1884 417 1961 deferri,
444 1891 480 1948 et
501 1885 537 1946 in
564 1884 712 1965 collegio
739 1891 995 1947 antecessorum
1018 1897 1159 1947 suorum

213 2004 307 2048 more
348 1982 429 2047 fecit
462 1984 556 2065 regio
598 1982 749 2065 sepeliri.
819 1982 914 2045 Obiit
945 1990 1060 2046 autem
1098 2001 1160 2046 rex

214 2103 330 2149 mense
358 2082 564 2164 Septembri,
587 2090 626 2147 ut
647 2082 779 2157 dicunt,
802 2081 901 2164 cujus
928 2088 1073 2144 mortem
1100 2100 1162 2162 per

213 2202 377 2258 mensem,
395 2188 431 2245 et
446 2201 488 2245 eo
505 2182 665 2263 amplius,
681 2181 892 2244 celaverunt.
938 2180 992 2243 De
1012 2180 1081 2242 illis
1099 2199 1161 2242 au·

214 2289 296 2357 tem,
316 2281 375 2363 qui
398 2280 441 2343 ad
466 2281 677 2343 obsidionem
695 2300 772 2344 cum
795 2300 875 2361 rege
893 2286 1071 2355 venerunt,
1090 2285 1161 2342 tam

214 2380 257 2443 de
281 2378 472 2443 interfectis
499 2386 534 2443 et
553 2380 588 2441 in
609 2378 749 2442 flumine
773 2380 971 2455 submersis,
993 2397 1097 2460 quam
1120 2378 1163 2442 de

215 2477 413 2561 pestilentia
448 2486 484 2541 et
514 2487 626 2541 morte
659 2478 832 2542 communi
868 2478 1050 2554 defunctis,
1084 2478 1163 2560 plus

216 2597 320 2660 quam
343 2576 466 2658 viginti
494 2577 564 2639 duo
591 2577 698 2641 millia
722 2578 898 2659 perierunt
922 2577 1060 2653 ibidem,
1085 2577 1163 2640 filiis

217 2684 253 2740 et
279 2677 446 2740 uxoribus
480 2675 734 2759 lachrymarum
770 2694 911 2740 causam
940 2681 975 2738 et
997 2676 1163 2754 gemitum

217 2775 470 2857 relinquentes3
504 2775 595 2840 unde
626 2776 807 2858 perspicue
835 2780 995 2837 constare
1017 2772 1164 2848 videtur,

216 2874 344 2938 bellum
366 2874 494 2956 injuste
519 2873 625 2938 fuisse
655 2880 867 2954 susceptum,
889 2873 925 2934 in
950 2891 1019 2953 quo
1041 2891 1164 2934 concu-

218 2973 389 3056 piscentia
410 2973 522 3053 magis
545 2974 689 3050 exarsit,
707 2991 812 3054 quam
834 2970 1077 3035 exterminium
1095 2971 1166 3033 hae·

217 3074 333 3137 reticae
356 3072 550 3154 pravitatis.

266 3244 316 3308 De
332 3243 524 3308 coronatione
540 3243 710 3322 Lodowici,
725 3245 804 3331 repis
819 3245 1029 3321 Francorum,
1037 3242 1108 3327 filii

608 3342 780 3408 Lodoroici.

271 3464 447 3528 Defuncto
477 3465 595 3544 itaque
624 3465 835 3529 Francorum
867 3487 947 3547 rege
974 3465 1170 3541 Lodowico,
1183 3488 1307 3530 coron-nn

219 3563 340 3644 regina
362 3563 439 3645 ejus
459 3562 597 3626 domina
620 3563 753 3628 Blanca
769 3565 850 3630 fecit
864 3582 1054 3629 convocare
1070 3583 1171 3643 gene
1182 3538 1323 3579 ⁰¹¹⁴⁰⁰¹¹¹¹'

219 3661 338 3725 ralitcr
363 3661 652 3742 archiepiscopos,
675 3665 926 3746 episcopusin
950 3662 1037 3725 alios
1062 3662 1171 3725 eccle·

220 3762 348 3824 siarum
371 3760 536 3843 praelatos
559 3780 636 3823 cum
659 3763 879 3843 magnatibus
895 3780 1057 3825 coronam
1073 3779 1172 3842 spec-

221 3860 652 3936 tontibus,utveni1·entad
664 3858 1173 3925 coronationemLodowicifilii

219 3960 273 4022 sui
291 3967 327 4022 et
341 3959 432 4041 regis
455 3958 609 4022 defuncti
625 3959 780 4023 Parisios
794 3959 903 4042 pridie
920 3957 1086 4021 kalendas
1104 3959 1174 4021 De-

220 4058 378 4122 cembris.
426 4057 492 4122 Sed
507 4077 589 4140 pars
607 4060 760 4123 maxima
771 4060 976 4142 optimatum
989 4065 1069 4121 ante
1085 4058 1175 4121 diem

223 4158 405 4241 praefixum
440 4158 614 4239 petierunt
647 4158 689 4222 de
716 4158 964 4224 consuetudine
992 4157 1177 4224 Gallicana
