<?xml version="1.0" encoding="UTF-8"?>
<!DOCTYPE html PUBLIC "-//W3C//DTD XHTML 1.0 Transitional//EN"
    "http://www.w3.org/TR/xhtml1/DTD/xhtml1-transitional.dtd">
<html xmlns="http://www.w3.org/1999/xhtml" xml:lang="en" lang="en">
 <head>
  <title>
</title>
<meta http-equiv="Content-Type" content="text/html;charset=utf-8" />
  <meta name='ocr-system' content='tesseract 3.04.00' />
  <meta name='ocr-capabilities' content='ocr_page ocr_carea ocr_par ocr_line ocrx_word'/>
</head>
<body>
  <div class='ocr_page' id='page_1' title='image "./rogeridewendove02rogegoog_0300.png"; bbox 0 0 2978 4996; ppageno 0'>
   <div class='ocr_carea' id='block_1_1' title="bbox 410 419 1100 484">
    <p class='ocr_par' dir='ltr' id='par_1_1' title="bbox 410 419 1100 484">
     <span class='ocr_line' id='line_1_1' title="bbox 410 419 1100 484; baseline 0.001 -1"><span class='ocrx_word' id='word_1_1' title='bbox 410 434 549 483; x_wconf 81' lang='lat' dir='ltr'><strong>rnonns</strong></span> <span class='ocrx_word' id='word_1_2' title='bbox 573 433 840 482; x_wconf 79' lang='lat' dir='ltr'><strong>meronmnuu.</strong></span> <span class='ocrx_word' id='word_1_3' title='bbox 1033 419 1100 484; x_wconf 75' lang='grc'><strong>289</strong></span> 
     </span>
    </p>
   </div>
   <div class='ocr_carea' id='block_1_2' title="bbox 143 592 1234 774">
    <p class='ocr_par' dir='ltr' id='par_1_2' title="bbox 143 592 1234 774">
     <span class='ocr_line' id='line_1_2' title="bbox 143 592 1234 676; baseline -0.003 -19"><span class='ocrx_word' id='word_1_4' title='bbox 143 592 229 657; x_wconf 86' lang='lat' dir='ltr'><strong>nihil</strong></span> <span class='ocrx_word' id='word_1_5' title='bbox 258 592 398 657; x_wconf 90' lang='lat' dir='ltr'><strong>omnino</strong></span> <span class='ocrx_word' id='word_1_6' title='bbox 428 593 539 657; x_wconf 85' lang='lat' dir='ltr'><strong>lacere</strong></span> <span class='ocrx_word' id='word_1_7' title='bbox 571 612 723 675; x_wconf 89' lang='lat' dir='ltr'><strong>possum,</strong></span> <span class='ocrx_word' id='word_1_8' title='bbox 751 594 843 675; x_wconf 90' lang='lat' dir='ltr'><strong>quod</strong></span> <span class='ocrx_word' id='word_1_9' title='bbox 871 594 914 657; x_wconf 83' lang='lat' dir='ltr'><strong>ad</strong></span> <span class='ocrx_word' id='word_1_10' title='bbox 944 594 1096 676; x_wconf 85' lang='lat' dir='ltr'><strong>aliquam</strong></span> <span class='ocrx_word' id='word_1_11' title='bbox 1110 607 1166 651; x_wconf 71' lang='lat' dir='ltr'><strong>ab·</strong></span> <span class='ocrx_word' id='word_1_12' title='bbox 1177 609 1234 647; x_wconf 78' lang='lat'>¹2³³-</span> 
     </span>
     <span class='ocr_line' id='line_1_3' title="bbox 143 691 799 774; baseline 0 -18"><span class='ocrx_word' id='word_1_13' title='bbox 143 691 303 757; x_wconf 83' lang='lat' dir='ltr'><strong>stabilem</strong></span> <span class='ocrx_word' id='word_1_14' title='bbox 321 693 584 757; x_wconf 87' lang='lat' dir='ltr'><strong>conventionem</strong></span> <span class='ocrx_word' id='word_1_15' title='bbox 602 692 799 774; x_wconf 60' lang='lat' dir='ltr'><strong>pertineat?</strong></span> 
     </span>
    </p>
   </div>
   <div class='ocr_carea' id='block_1_3' title="bbox 219 864 1034 1030">
    <p class='ocr_par' dir='ltr' id='par_1_3' title="bbox 219 864 1034 1030">
     <span class='ocr_line' id='line_1_4' title="bbox 219 864 1034 1029; baseline 0.001 -98"><span class='ocrx_word' id='word_1_16' title='bbox 219 864 312 943; x_wconf 75' lang='lat' dir='ltr'><strong>Quod</strong></span> <span class='ocrx_word' id='word_1_17' title='bbox 324 887 379 932; x_wconf 80' lang='lat' dir='ltr'><strong>rao</strong></span> <span class='ocrx_word' id='word_1_18' title='bbox 393 865 755 1029; x_wconf 48' lang='lat' dir='ltr'><strong>Amhrumfflffl</strong></span> <span class='ocrx_word' id='word_1_19' title='bbox 773 865 971 934; x_wconf 67' lang='lat' dir='ltr'><strong>umerorum</strong></span> <span class='ocrx_word' id='word_1_20' title='bbox 987 868 1034 932; x_wconf 84' lang='lat' dir='ltr'><strong>ad</strong></span> 
     </span>
     <span class='ocr_line' id='line_1_5' title="bbox 593 974 687 1030; baseline -0.032 0"><span class='ocrx_word' id='word_1_21' title='bbox 593 974 650 1030; x_wconf 80' lang='lat' dir='ltr'><strong>ala</strong></span> <span class='ocrx_word' id='word_1_22' title='bbox 680 1013 687 1027; x_wconf 91' lang='lat'>.</span> 
     </span>
    </p>
   </div>
   <div class='ocr_carea' id='block_1_4' title="bbox 148 1087 1258 1962">
    <p class='ocr_par' dir='ltr' id='par_1_4' title="bbox 148 1087 1258 1962">
     <span class='ocr_line' id='line_1_6' title="bbox 199 1087 1231 1194; baseline 0.003 -42"><span class='ocrx_word' id='word_1_23' title='bbox 199 1087 302 1153; x_wconf 86' lang='lat' dir='ltr'><strong>Anno</strong></span> <span class='ocrx_word' id='word_1_24' title='bbox 321 1088 462 1153; x_wconf 88' lang='lat' dir='ltr'>Domini</span> <span class='ocrx_word' id='word_1_25' title='bbox 481 1105 706 1166; x_wconf 71' lang='lat' dir='ltr'><strong>mccxxxrv„</strong></span> <span class='ocrx_word' id='word_1_26' title='bbox 723 1090 782 1172; x_wconf 90' lang='lat' dir='ltr'><strong>qui</strong></span> <span class='ocrx_word' id='word_1_27' title='bbox 800 1098 853 1154; x_wconf 88' lang='lat' dir='ltr'><strong>est</strong></span> <span class='ocrx_word' id='word_1_28' title='bbox 869 1110 981 1154; x_wconf 85' lang='lat' dir='ltr'><strong>annus</strong></span> <span class='ocrx_word' id='word_1_29' title='bbox 998 1093 1095 1172; x_wconf 84' lang='lat' dir='ltr'><strong>regni</strong></span> <span class='ocrx_word' id='word_1_30' title='bbox 1110 1105 1164 1145; x_wconf 66' lang='lat' dir='ltr'><strong>ut&gt;-</strong></span> <span class='ocrx_word' id='word_1_31' title='bbox 1176 1107 1231 1194; x_wconf 42' lang='grc' dir='ltr'><strong>μιν.</strong></span> 
     </span>
     <span class='ocr_line' id='line_1_7' title="bbox 150 1157 1258 1294; baseline 0.003 -43"><span class='ocrx_word' id='word_1_32' title='bbox 150 1187 307 1264; x_wconf 89' lang='lat' dir='ltr'><strong>Henrici,</strong></span> <span class='ocrx_word' id='word_1_33' title='bbox 327 1187 419 1268; x_wconf 84' lang='lat' dir='ltr'><strong>rogis</strong></span> <span class='ocrx_word' id='word_1_34' title='bbox 437 1185 641 1269; x_wconf 77' lang='lat' dir='ltr'><strong>Auglorum,</strong></span> <span class='ocrx_word' id='word_1_35' title='bbox 659 1188 811 1253; x_wconf 88' lang='lat' dir='ltr'><strong>decimus</strong></span> <span class='ocrx_word' id='word_1_36' title='bbox 830 1198 986 1266; x_wconf 85' lang='lat' dir='ltr'><strong>octavus,</strong></span> <span class='ocrx_word' id='word_1_37' title='bbox 1006 1191 1096 1254; x_wconf 91' lang='lat' dir='ltr'><strong>idem</strong></span> <span class='ocrx_word' id='word_1_38' title='bbox 1108 1157 1258 1294; x_wconf 37' lang='lat' dir='ltr'><strong>iiiiii&amp;</strong></span> 
     </span>
     <span class='ocr_line' id='line_1_8' title="bbox 148 1281 1238 1369; baseline 0.001 -18"><span class='ocrx_word' id='word_1_39' title='bbox 148 1306 212 1352; x_wconf 86' lang='lat' dir='ltr'><strong>rex</strong></span> <span class='ocrx_word' id='word_1_40' title='bbox 226 1288 271 1350; x_wconf 86' lang='lat' dir='ltr'><strong>ad</strong></span> <span class='ocrx_word' id='word_1_41' title='bbox 287 1285 416 1350; x_wconf 84' lang='lat' dir='ltr'><strong>Natale</strong></span> <span class='ocrx_word' id='word_1_42' title='bbox 434 1287 544 1351; x_wconf 84' lang='lat' dir='ltr'><strong>tenuit</strong></span> <span class='ocrx_word' id='word_1_43' title='bbox 562 1288 693 1350; x_wconf 87' lang='lat' dir='ltr'><strong>curiam</strong></span> <span class='ocrx_word' id='word_1_44' title='bbox 715 1308 814 1352; x_wconf 84' lang='lat' dir='ltr'><strong>suam</strong></span> <span class='ocrx_word' id='word_1_45' title='bbox 835 1290 925 1369; x_wconf 88' lang='lat' dir='ltr'><strong>apud</strong></span> <span class='ocrx_word' id='word_1_46' title='bbox 950 1288 1097 1353; x_wconf 86' lang='lat' dir='ltr'><strong>Glover-</strong></span> <span class='ocrx_word' id='word_1_47' title='bbox 1234 1281 1238 1291; x_wconf 83' lang='lat'>&#39;</span> 
     </span>
     <span class='ocr_line' id='line_1_9' title="bbox 150 1385 1096 1470; baseline 0 -19"><span class='ocrx_word' id='word_1_48' title='bbox 150 1386 243 1451; x_wconf 88' lang='lat' dir='ltr'><strong>uiam</strong></span> <span class='ocrx_word' id='word_1_49' title='bbox 270 1404 348 1449; x_wconf 90' lang='lat' dir='ltr'><strong>cum</strong></span> <span class='ocrx_word' id='word_1_50' title='bbox 373 1403 483 1466; x_wconf 86' lang='lat' dir='ltr'><strong>parvo</strong></span> <span class='ocrx_word' id='word_1_51' title='bbox 506 1385 690 1449; x_wconf 77' lang='lat' dir='ltr'>admodum</span> <span class='ocrx_word' id='word_1_52' title='bbox 721 1388 899 1463; x_wconf 85' lang='lat' dir='ltr'><strong>comitatu,</strong></span> <span class='ocrx_word' id='word_1_53' title='bbox 931 1389 1013 1470; x_wconf 88' lang='lat' dir='ltr'><strong>quia</strong></span> <span class='ocrx_word' id='word_1_54' title='bbox 1042 1408 1096 1451; x_wconf 87' lang='lat' dir='ltr'><strong>re·</strong></span> 
     </span>
     <span class='ocr_line' id='line_1_10' title="bbox 149 1485 1095 1569; baseline 0.001 -20"><span class='ocrx_word' id='word_1_55' title='bbox 149 1491 327 1549; x_wconf 81' lang='lat' dir='ltr'><strong>cesserant</strong></span> <span class='ocrx_word' id='word_1_56' title='bbox 358 1485 401 1547; x_wconf 95' lang='lat' dir='ltr'><strong>ab</strong></span> <span class='ocrx_word' id='word_1_57' title='bbox 432 1504 474 1548; x_wconf 90' lang='lat' dir='ltr'><strong>eo</strong></span> <span class='ocrx_word' id='word_1_58' title='bbox 508 1493 687 1566; x_wconf 84' lang='lat' dir='ltr'><strong>magnates</strong></span> <span class='ocrx_word' id='word_1_59' title='bbox 720 1487 831 1562; x_wconf 88' lang='lat' dir='ltr'><strong>multi,</strong></span> <span class='ocrx_word' id='word_1_60' title='bbox 862 1488 922 1569; x_wconf 91' lang='lat' dir='ltr'><strong>qui</strong></span> <span class='ocrx_word' id='word_1_61' title='bbox 956 1487 1095 1569; x_wconf 85' lang='lat' dir='ltr'><strong>spoliati</strong></span> 
     </span>
     <span class='ocr_line' id='line_1_11' title="bbox 150 1581 1095 1668; baseline 0.002 -21"><span class='ocrx_word' id='word_1_62' title='bbox 150 1590 251 1647; x_wconf 86' lang='lat' dir='ltr'><strong>erant</strong></span> <span class='ocrx_word' id='word_1_63' title='bbox 272 1581 376 1665; x_wconf 84' lang='lat' dir='ltr'><strong>paulo</strong></span> <span class='ocrx_word' id='word_1_64' title='bbox 399 1590 479 1646; x_wconf 87' lang='lat' dir='ltr'><strong>ante</strong></span> <span class='ocrx_word' id='word_1_65' title='bbox 509 1602 530 1646; x_wconf 85' lang='lat' dir='ltr'><strong>a</strong></span> <span class='ocrx_word' id='word_1_66' title='bbox 558 1583 661 1646; x_wconf 88' lang='lat' dir='ltr'><strong>rebus</strong></span> <span class='ocrx_word' id='word_1_67' title='bbox 687 1586 845 1649; x_wconf 90' lang='lat' dir='ltr'><strong>omnibus</strong></span> <span class='ocrx_word' id='word_1_68' title='bbox 872 1587 962 1668; x_wconf 89' lang='lat' dir='ltr'><strong>apud</strong></span> <span class='ocrx_word' id='word_1_69' title='bbox 987 1586 1095 1651; x_wconf 88' lang='lat' dir='ltr'><strong>Gros-</strong></span> 
     </span>
     <span class='ocr_line' id='line_1_12' title="bbox 152 1681 1097 1767; baseline 0.003 -22"><span class='ocrx_word' id='word_1_70' title='bbox 152 1688 251 1746; x_wconf 92' lang='lat' dir='ltr'><strong>mnnt</strong></span> <span class='ocrx_word' id='word_1_71' title='bbox 272 1681 462 1756; x_wconf 80' lang='lat' dir='ltr'><strong>castellum,</strong></span> <span class='ocrx_word' id='word_1_72' title='bbox 489 1682 579 1745; x_wconf 89' lang='lat' dir='ltr'><strong>sicut</strong></span> <span class='ocrx_word' id='word_1_73' title='bbox 604 1684 762 1764; x_wconf 84' lang='lat' dir='ltr'><strong>superius</strong></span> <span class='ocrx_word' id='word_1_74' title='bbox 789 1684 935 1749; x_wconf 84' lang='lat' dir='ltr'><strong>babetur</strong></span> <span class='ocrx_word' id='word_1_75' title='bbox 957 1706 1097 1767; x_wconf 84' lang='lat' dir='ltr'>expres-</span> 
     </span>
     <span class='ocr_line' id='line_1_13' title="bbox 150 1779 1096 1864; baseline 0.003 -20"><span class='ocrx_word' id='word_1_76' title='bbox 150 1800 240 1845; x_wconf 90' lang='lat' dir='ltr'><strong>sum.</strong></span> <span class='ocrx_word' id='word_1_77' title='bbox 315 1779 394 1858; x_wconf 89' lang='lat' dir='ltr'><strong>Quo</strong></span> <span class='ocrx_word' id='word_1_78' title='bbox 426 1780 545 1862; x_wconf 89' lang='lat' dir='ltr'><strong>utique</strong></span> <span class='ocrx_word' id='word_1_79' title='bbox 573 1789 726 1863; x_wconf 87' lang='lat' dir='ltr'><strong>tempore</strong></span> <span class='ocrx_word' id='word_1_80' title='bbox 760 1783 865 1863; x_wconf 91' lang='lat' dir='ltr'><strong>coepit</strong></span> <span class='ocrx_word' id='word_1_81' title='bbox 895 1791 986 1846; x_wconf 90' lang='lat' dir='ltr'><strong>terra</strong></span> <span class='ocrx_word' id='word_1_82' title='bbox 1016 1785 1096 1864; x_wconf 81' lang='lat' dir='ltr'><strong>gelu</strong></span> 
     </span>
     <span class='ocr_line' id='line_1_14' title="bbox 152 1880 1098 1962; baseline 0.002 -19"><span class='ocrx_word' id='word_1_83' title='bbox 152 1881 308 1961; x_wconf 77' lang='lat' dir='ltr'><strong>graviter</strong></span> <span class='ocrx_word' id='word_1_84' title='bbox 330 1880 531 1959; x_wconf 83' lang='lat' dir='ltr'><strong>constringi,</strong></span> <span class='ocrx_word' id='word_1_85' title='bbox 553 1880 604 1943; x_wconf 88' lang='lat' dir='ltr'><strong>ita</strong></span> <span class='ocrx_word' id='word_1_86' title='bbox 625 1880 717 1962; x_wconf 94' lang='lat' dir='ltr'><strong>quod</strong></span> <span class='ocrx_word' id='word_1_87' title='bbox 744 1880 860 1961; x_wconf 80' lang='lat' dir='ltr'><strong>fruges</strong></span> <span class='ocrx_word' id='word_1_88' title='bbox 883 1881 1098 1945; x_wconf 81' lang='lat' dir='ltr'><strong>suffocaban-</strong></span> 
     </span>
    </p>
   </div>
   <div class='ocr_carea' id='block_1_5' title="bbox 154 1977 1096 2062">
    <p class='ocr_par' dir='ltr' id='par_1_5' title="bbox 154 1977 1096 2062">
     <span class='ocr_line' id='line_1_15' title="bbox 154 1977 1096 2062; baseline 0.002 -20"><span class='ocrx_word' id='word_1_89' title='bbox 154 1987 211 2042; x_wconf 87' lang='lat' dir='ltr'><strong>tur</strong></span> <span class='ocrx_word' id='word_1_90' title='bbox 231 1979 266 2042; x_wconf 89' lang='lat' dir='ltr'><strong>in</strong></span> <span class='ocrx_word' id='word_1_91' title='bbox 286 1978 391 2060; x_wconf 81' lang='lat' dir='ltr'><strong>agris,</strong></span> <span class='ocrx_word' id='word_1_92' title='bbox 408 1977 542 2042; x_wconf 79' lang='lat' dir='ltr'><strong>radices</strong></span> <span class='ocrx_word' id='word_1_93' title='bbox 557 1978 738 2042; x_wconf 83' lang='lat' dir='ltr'><strong>herbarum</strong></span> <span class='ocrx_word' id='word_1_94' title='bbox 754 1981 789 2042; x_wconf 93' lang='lat' dir='ltr'><strong>in</strong></span> <span class='ocrx_word' id='word_1_95' title='bbox 810 1980 931 2057; x_wconf 85' lang='lat' dir='ltr'><strong>bortis,</strong></span> <span class='ocrx_word' id='word_1_96' title='bbox 947 1989 981 2044; x_wconf 89' lang='lat' dir='ltr'><strong>et</strong></span> <span class='ocrx_word' id='word_1_97' title='bbox 996 1982 1096 2062; x_wconf 89' lang='lat' dir='ltr'><strong>quasi</strong></span> 
     </span>
    </p>
   </div>
   <div class='ocr_carea' id='block_1_6' title="bbox 105 2076 1097 2467">
    <p class='ocr_par' dir='ltr' id='par_1_6' title="bbox 105 2076 1097 2467">
     <span class='ocr_line' id='line_1_16' title="bbox 153 2076 1096 2160; baseline 0.001 -19"><span class='ocrx_word' id='word_1_98' title='bbox 153 2076 297 2160; x_wconf 83' lang='lat' dir='ltr'><strong>pedibus</strong></span> <span class='ocrx_word' id='word_1_99' title='bbox 318 2084 467 2159; x_wconf 88' lang='lat' dir='ltr'><strong>quatuor</strong></span> <span class='ocrx_word' id='word_1_100' title='bbox 489 2078 525 2140; x_wconf 93' lang='lat' dir='ltr'><strong>in</strong></span> <span class='ocrx_word' id='word_1_101' title='bbox 548 2077 651 2141; x_wconf 92' lang='lat' dir='ltr'><strong>humo</strong></span> <span class='ocrx_word' id='word_1_102' title='bbox 671 2078 796 2142; x_wconf 83' lang='lat' dir='ltr'><strong>infixas</strong></span> <span class='ocrx_word' id='word_1_103' title='bbox 822 2080 953 2142; x_wconf 80' lang='lat' dir='ltr'><strong>radices</strong></span> <span class='ocrx_word' id='word_1_104' title='bbox 976 2081 1011 2142; x_wconf 91' lang='lat' dir='ltr'><strong>iu</strong></span> <span class='ocrx_word' id='word_1_105' title='bbox 1034 2099 1096 2160; x_wconf 88' lang='lat' dir='ltr'><strong>po·</strong></span> 
     </span>
     <span class='ocr_line' id='line_1_17' title="bbox 153 2176 1095 2259; baseline -0.002 -18"><span class='ocrx_word' id='word_1_106' title='bbox 153 2177 269 2241; x_wconf 89' lang='lat' dir='ltr'><strong>meriis</strong></span> <span class='ocrx_word' id='word_1_107' title='bbox 291 2176 492 2250; x_wconf 86' lang='lat' dir='ltr'><strong>desiccavit,</strong></span> <span class='ocrx_word' id='word_1_108' title='bbox 510 2176 601 2257; x_wconf 90' lang='lat' dir='ltr'><strong>quod</strong></span> <span class='ocrx_word' id='word_1_109' title='bbox 625 2196 735 2258; x_wconf 90' lang='lat' dir='ltr'><strong>usque</strong></span> <span class='ocrx_word' id='word_1_110' title='bbox 757 2178 801 2240; x_wconf 85' lang='lat' dir='ltr'><strong>ad</strong></span> <span class='ocrx_word' id='word_1_111' title='bbox 824 2178 1095 2259; x_wconf 79' lang='lat' dir='ltr'><strong>purificationem</strong></span> 
     </span>
     <span class='ocr_line' id='line_1_18' title="bbox 153 2274 1097 2359; baseline 0 -20"><span class='ocrx_word' id='word_1_112' title='bbox 153 2276 265 2340; x_wconf 82' lang='lat' dir='ltr'><strong>beatae</strong></span> <span class='ocrx_word' id='word_1_113' title='bbox 294 2274 417 2338; x_wconf 84' lang='lat' dir='ltr'><strong>Mariae</strong></span> <span class='ocrx_word' id='word_1_114' title='bbox 447 2275 578 2356; x_wconf 80' lang='lat' dir='ltr'><strong>absque</strong></span> <span class='ocrx_word' id='word_1_115' title='bbox 605 2277 684 2340; x_wconf 87' lang='lat' dir='ltr'><strong>nive</strong></span> <span class='ocrx_word' id='word_1_116' title='bbox 710 2295 748 2339; x_wconf 90' lang='lat' dir='ltr'><strong>se</strong></span> <span class='ocrx_word' id='word_1_117' title='bbox 770 2278 976 2340; x_wconf 84' lang='lat' dir='ltr'><strong>continuans</strong></span> <span class='ocrx_word' id='word_1_118' title='bbox 1007 2278 1097 2359; x_wconf 85' lang='lat' dir='ltr'><strong>agri-</strong></span> 
     </span>
     <span class='ocr_line' id='line_1_19' title="bbox 105 2373 1096 2467; baseline -0.001 -28"><span class='ocrx_word' id='word_1_119' title='bbox 105 2462 107 2467; x_wconf 17' lang='lat'><em>*</em></span> <span class='ocrx_word' id='word_1_120' title='bbox 151 2374 323 2439; x_wconf 85' lang='lat' dir='ltr'><strong>culturam</strong></span> <span class='ocrx_word' id='word_1_121' title='bbox 346 2373 546 2454; x_wconf 86' lang='lat' dir='ltr'><strong>suspendit3</strong></span> <span class='ocrx_word' id='word_1_122' title='bbox 574 2382 694 2437; x_wconf 86' lang='lat' dir='ltr'><strong>secuta</strong></span> <span class='ocrx_word' id='word_1_123' title='bbox 716 2383 769 2439; x_wconf 88' lang='lat' dir='ltr'><strong>est</strong></span> <span class='ocrx_word' id='word_1_124' title='bbox 786 2384 901 2440; x_wconf 88' lang='lat' dir='ltr'><strong>autem</strong></span> <span class='ocrx_word' id='word_1_125' title='bbox 920 2377 1038 2441; x_wconf 89' lang='lat' dir='ltr'><strong>eodem</strong></span> <span class='ocrx_word' id='word_1_126' title='bbox 1061 2378 1096 2439; x_wconf 88' lang='lat' dir='ltr'><strong>in</strong></span> 
     </span>
    </p>
   </div>
   <div class='ocr_carea' id='block_1_7' title="bbox 152 2473 1097 2734">
    <p class='ocr_par' dir='ltr' id='par_1_7' title="bbox 152 2473 1097 2734">
     <span class='ocr_line' id='line_1_20' title="bbox 152 2473 1096 2558; baseline 0.001 -21"><span class='ocrx_word' id='word_1_127' title='bbox 152 2492 245 2537; x_wconf 83' lang='lat' dir='ltr'><strong>anuo</strong></span> <span class='ocrx_word' id='word_1_128' title='bbox 275 2480 374 2536; x_wconf 85' lang='lat' dir='ltr'><strong>tauta</strong></span> <span class='ocrx_word' id='word_1_129' title='bbox 407 2473 496 2535; x_wconf 84' lang='lat' dir='ltr'><strong>aeris</strong></span> <span class='ocrx_word' id='word_1_130' title='bbox 526 2480 563 2536; x_wconf 89' lang='lat' dir='ltr'><strong>et</strong></span> <span class='ocrx_word' id='word_1_131' title='bbox 589 2473 833 2537; x_wconf 89' lang='lat' dir='ltr'><strong>elementorum</strong></span> <span class='ocrx_word' id='word_1_132' title='bbox 867 2476 1096 2558; x_wconf 86' lang='lat' dir='ltr'><strong>intemperies,</strong></span> 
     </span>
     <span class='ocr_line' id='line_1_21' title="bbox 152 2571 1097 2654; baseline 0.001 -18"><span class='ocrx_word' id='word_1_133' title='bbox 152 2571 246 2654; x_wconf 90' lang='lat' dir='ltr'><strong>quod</strong></span> <span class='ocrx_word' id='word_1_134' title='bbox 272 2571 488 2634; x_wconf 82' lang='lat' dir='ltr'><strong>sterilitatem</strong></span> <span class='ocrx_word' id='word_1_135' title='bbox 514 2591 626 2634; x_wconf 87' lang='lat' dir='ltr'><strong>rerum</strong></span> <span class='ocrx_word' id='word_1_136' title='bbox 653 2572 803 2635; x_wconf 90' lang='lat' dir='ltr'><strong>omnium</strong></span> <span class='ocrx_word' id='word_1_137' title='bbox 833 2573 991 2637; x_wconf 79' lang='lat' dir='ltr'><strong>deterre</strong></span> <span class='ocrx_word' id='word_1_138' title='bbox 1018 2593 1097 2637; x_wconf 86' lang='lat' dir='ltr'><strong>nas·</strong></span> 
     </span>
     <span class='ocr_line' id='line_1_22' title="bbox 153 2669 767 2734; baseline 0 0"><span class='ocrx_word' id='word_1_139' title='bbox 153 2670 304 2734; x_wconf 87' lang='lat' dir='ltr'><strong>centium</strong></span> <span class='ocrx_word' id='word_1_140' title='bbox 326 2669 529 2734; x_wconf 85' lang='lat' dir='ltr'><strong>mortalibus</strong></span> <span class='ocrx_word' id='word_1_141' title='bbox 547 2670 767 2734; x_wconf 86' lang='lat' dir='ltr'><strong>ministravit.</strong></span> 
     </span>
    </p>
   </div>
   <div class='ocr_carea' id='block_1_8' title="bbox 233 2842 1020 2927">
    <p class='ocr_par' dir='ltr' id='par_1_8' title="bbox 233 2842 1020 2927">
     <span class='ocr_line' id='line_1_23' title="bbox 233 2842 1020 2927; baseline -0.003 -19"><span class='ocrx_word' id='word_1_142' title='bbox 233 2844 325 2919; x_wconf 76' lang='lat' dir='ltr'><strong>Quod</strong></span> <span class='ocrx_word' id='word_1_143' title='bbox 336 2844 544 2909; x_wconf 75' lang='lat' dir='ltr'><strong>Maraccallce</strong></span> <span class='ocrx_word' id='word_1_144' title='bbox 560 2844 670 2908; x_wconf 72' lang='lat' dir='ltr'><strong>mltos</strong></span> <span class='ocrx_word' id='word_1_145' title='bbox 683 2865 719 2907; x_wconf 79' lang='lat' dir='ltr'><strong>ec</strong></span> <span class='ocrx_word' id='word_1_146' title='bbox 735 2842 868 2907; x_wconf 71' lang='lat' dir='ltr'><strong>hostibus</strong></span> <span class='ocrx_word' id='word_1_147' title='bbox 878 2843 1020 2927; x_wconf 78' lang='lat' dir='ltr'><strong>peremit.</strong></span> 
     </span>
    </p>
   </div>
   <div class='ocr_carea' id='block_1_9' title="bbox 154 2967 1224 4132">
    <p class='ocr_par' dir='ltr' id='par_1_9' title="bbox 154 2967 1224 4132">
     <span class='ocr_line' id='line_1_24' title="bbox 208 2967 1224 3051; baseline -0.009 -19"><span class='ocrx_word' id='word_1_148' title='bbox 208 2967 250 3032; x_wconf 90' lang='lat' dir='ltr'><strong>Iu</strong></span> <span class='ocrx_word' id='word_1_149' title='bbox 275 2969 426 3032; x_wconf 85' lang='lat' dir='ltr'><strong>crastino</strong></span> <span class='ocrx_word' id='word_1_150' title='bbox 445 2969 582 3051; x_wconf 88' lang='lat' dir='ltr'><strong>quidem</strong></span> <span class='ocrx_word' id='word_1_151' title='bbox 605 2967 671 3031; x_wconf 89' lang='lat' dir='ltr'><strong>diei</strong></span> <span class='ocrx_word' id='word_1_152' title='bbox 691 2968 882 3031; x_wconf 83' lang='lat' dir='ltr'><strong>Dominicae</strong></span> <span class='ocrx_word' id='word_1_153' title='bbox 906 2967 1100 3031; x_wconf 83' lang='lat' dir='ltr'><strong>nativitatis</strong></span> <span class='ocrx_word' id='word_1_154' title='bbox 1114 2985 1224 3025; x_wconf 68' lang='lat' dir='ltr'><strong>sume·</strong></span> 
     </span>
     <span class='ocr_line' id='line_1_25' title="bbox 154 3037 1212 3151; baseline -0.009 -19"><span class='ocrx_word' id='word_1_155' title='bbox 154 3066 336 3132; x_wconf 81' lang='lat' dir='ltr'><strong>Jobannes</strong></span> <span class='ocrx_word' id='word_1_156' title='bbox 350 3067 634 3143; x_wconf 89' lang='lat' dir='ltr'><strong>Monemutensis,</strong></span> <span class='ocrx_word' id='word_1_157' title='bbox 644 3067 696 3130; x_wconf 87' lang='lat' dir='ltr'><strong>vir</strong></span> <span class='ocrx_word' id='word_1_158' title='bbox 712 3067 847 3144; x_wconf 84' lang='lat' dir='ltr'><strong>nobilis,</strong></span> <span class='ocrx_word' id='word_1_159' title='bbox 859 3067 1007 3148; x_wconf 91' lang='lat' dir='ltr'><strong>quicum</strong></span> <span class='ocrx_word' id='word_1_160' title='bbox 1019 3086 1100 3151; x_wconf 84' lang='lat' dir='ltr'><strong>rege</strong></span> <span class='ocrx_word' id='word_1_161' title='bbox 1112 3037 1212 3127; x_wconf 64' lang='lat' dir='ltr'><strong>liiiio.</strong></span> 
     </span>
     <span class='ocr_line' id='line_1_26' title="bbox 155 3165 1098 3247; baseline -0.002 -17"><span class='ocrx_word' id='word_1_162' title='bbox 155 3166 326 3231; x_wconf 86' lang='lat' dir='ltr'><strong>militabat</strong></span> <span class='ocrx_word' id='word_1_163' title='bbox 343 3165 376 3228; x_wconf 91' lang='lat' dir='ltr'><strong>in</strong></span> <span class='ocrx_word' id='word_1_164' title='bbox 388 3165 533 3243; x_wconf 81' lang='lat' dir='ltr'><strong>wallia,</strong></span> <span class='ocrx_word' id='word_1_165' title='bbox 548 3165 722 3247; x_wconf 90' lang='lat' dir='ltr'><strong>copiosum</strong></span> <span class='ocrx_word' id='word_1_166' title='bbox 743 3166 881 3246; x_wconf 81' lang='lat' dir='ltr'><strong>collegit</strong></span> <span class='ocrx_word' id='word_1_167' title='bbox 898 3165 1098 3237; x_wconf 86' lang='lat' dir='ltr'><strong>exercitum,</strong></span> 
     </span>
     <span class='ocr_line' id='line_1_27' title="bbox 157 3265 1102 3346; baseline -0.002 -17"><span class='ocrx_word' id='word_1_168' title='bbox 157 3273 195 3330; x_wconf 90' lang='lat' dir='ltr'><strong>ut</strong></span> <span class='ocrx_word' id='word_1_169' title='bbox 211 3265 377 3328; x_wconf 84' lang='lat' dir='ltr'><strong>furtivum</strong></span> <span class='ocrx_word' id='word_1_170' title='bbox 394 3265 520 3328; x_wconf 82' lang='lat' dir='ltr'><strong>laceret</strong></span> <span class='ocrx_word' id='word_1_171' title='bbox 536 3265 702 3346; x_wconf 86' lang='lat' dir='ltr'><strong>impetum</strong></span> <span class='ocrx_word' id='word_1_172' title='bbox 724 3265 759 3327; x_wconf 91' lang='lat' dir='ltr'><strong>iu</strong></span> <span class='ocrx_word' id='word_1_173' title='bbox 782 3265 939 3328; x_wconf 89' lang='lat' dir='ltr'><strong>comitem</strong></span> <span class='ocrx_word' id='word_1_174' title='bbox 968 3265 1102 3329; x_wconf 87' lang='lat' dir='ltr'><strong>Mares·</strong></span> 
     </span>
     <span class='ocr_line' id='line_1_28' title="bbox 156 3362 1099 3441; baseline -0.001 -13"><span class='ocrx_word' id='word_1_175' title='bbox 156 3363 303 3441; x_wconf 79' lang='lat' dir='ltr'><strong>callum3</strong></span> <span class='ocrx_word' id='word_1_176' title='bbox 329 3362 402 3438; x_wconf 90' lang='lat' dir='ltr'><strong>sed,</strong></span> <span class='ocrx_word' id='word_1_177' title='bbox 422 3383 500 3426; x_wconf 88' lang='lat' dir='ltr'><strong>cum</strong></span> <span class='ocrx_word' id='word_1_178' title='bbox 527 3363 591 3426; x_wconf 94' lang='lat' dir='ltr'><strong>boc</strong></span> <span class='ocrx_word' id='word_1_179' title='bbox 616 3363 822 3427; x_wconf 86' lang='lat' dir='ltr'><strong>Marescallo</strong></span> <span class='ocrx_word' id='word_1_180' title='bbox 849 3372 940 3428; x_wconf 88' lang='lat' dir='ltr'><strong>esset</strong></span> <span class='ocrx_word' id='word_1_181' title='bbox 962 3364 1099 3428; x_wconf 85' lang='lat' dir='ltr'><strong>intima-</strong></span> 
     </span>
     <span class='ocr_line' id='line_1_29' title="bbox 156 3461 1101 3543; baseline -0.003 -16"><span class='ocrx_word' id='word_1_182' title='bbox 156 3471 243 3538; x_wconf 88' lang='lat' dir='ltr'><strong>tum,</strong></span> <span class='ocrx_word' id='word_1_183' title='bbox 259 3462 352 3524; x_wconf 86' lang='lat' dir='ltr'><strong>misit</strong></span> <span class='ocrx_word' id='word_1_184' title='bbox 373 3481 410 3524; x_wconf 89' lang='lat' dir='ltr'><strong>se</strong></span> <span class='ocrx_word' id='word_1_185' title='bbox 435 3462 471 3524; x_wconf 92' lang='lat' dir='ltr'><strong>in</strong></span> <span class='ocrx_word' id='word_1_186' title='bbox 488 3461 636 3543; x_wconf 85' lang='lat' dir='ltr'><strong>quadam</strong></span> <span class='ocrx_word' id='word_1_187' title='bbox 659 3461 760 3537; x_wconf 84' lang='lat' dir='ltr'><strong>silva,</strong></span> <span class='ocrx_word' id='word_1_188' title='bbox 780 3482 961 3543; x_wconf 88' lang='lat' dir='ltr'><strong>perquam</strong></span> <span class='ocrx_word' id='word_1_189' title='bbox 984 3462 1101 3525; x_wconf 91' lang='lat' dir='ltr'><strong>hostes</strong></span> 
     </span>
     <span class='ocr_line' id='line_1_30' title="bbox 160 3559 1101 3641; baseline -0.003 -16"><span class='ocrx_word' id='word_1_190' title='bbox 160 3561 294 3625; x_wconf 87' lang='lat' dir='ltr'><strong>venturi</strong></span> <span class='ocrx_word' id='word_1_191' title='bbox 319 3567 429 3635; x_wconf 86' lang='lat' dir='ltr'><strong>erunt,</strong></span> <span class='ocrx_word' id='word_1_192' title='bbox 455 3568 495 3623; x_wconf 93' lang='lat' dir='ltr'><strong>ut</strong></span> <span class='ocrx_word' id='word_1_193' title='bbox 517 3579 576 3623; x_wconf 90' lang='lat' dir='ltr'><strong>eos</strong></span> <span class='ocrx_word' id='word_1_194' title='bbox 599 3559 787 3635; x_wconf 86' lang='lat' dir='ltr'><strong>deluderet,</strong></span> <span class='ocrx_word' id='word_1_195' title='bbox 809 3561 868 3641; x_wconf 92' lang='lat' dir='ltr'><strong>qui</strong></span> <span class='ocrx_word' id='word_1_196' title='bbox 891 3559 986 3621; x_wconf 91' lang='lat' dir='ltr'><strong>illum</strong></span> <span class='ocrx_word' id='word_1_197' title='bbox 1009 3560 1101 3622; x_wconf 88' lang='lat' dir='ltr'><strong>deci·</strong></span> 
     </span>
     <span class='ocr_line' id='line_1_31' title="bbox 157 3658 1103 3743; baseline -0.004 -20"><span class='ocrx_word' id='word_1_198' title='bbox 157 3678 239 3743; x_wconf 88' lang='lat' dir='ltr'><strong>pere</strong></span> <span class='ocrx_word' id='word_1_199' title='bbox 257 3659 470 3739; x_wconf 77' lang='lat' dir='ltr'><strong>cogitabant.</strong></span> <span class='ocrx_word' id='word_1_200' title='bbox 524 3658 612 3722; x_wconf 88' lang='lat' dir='ltr'><strong>Cum</strong></span> <span class='ocrx_word' id='word_1_201' title='bbox 637 3659 743 3738; x_wconf 82' lang='lat' dir='ltr'><strong>igitur</strong></span> <span class='ocrx_word' id='word_1_202' title='bbox 765 3658 952 3721; x_wconf 83' lang='lat' dir='ltr'><strong>adversarii</strong></span> <span class='ocrx_word' id='word_1_203' title='bbox 975 3677 1103 3719; x_wconf 92' lang='lat' dir='ltr'><strong>memo·</strong></span> 
     </span>
     <span class='ocr_line' id='line_1_32' title="bbox 157 3755 1102 3838; baseline -0.008 -15"><span class='ocrx_word' id='word_1_204' title='bbox 157 3757 225 3822; x_wconf 86' lang='lat' dir='ltr'><strong>ruti</strong></span> <span class='ocrx_word' id='word_1_205' title='bbox 252 3757 295 3820; x_wconf 86' lang='lat' dir='ltr'><strong>ad</strong></span> <span class='ocrx_word' id='word_1_206' title='bbox 319 3757 432 3820; x_wconf 91' lang='lat' dir='ltr'><strong>locum</strong></span> <span class='ocrx_word' id='word_1_207' title='bbox 459 3755 661 3820; x_wconf 86' lang='lat' dir='ltr'><strong>insidiarum</strong></span> <span class='ocrx_word' id='word_1_208' title='bbox 689 3757 939 3838; x_wconf 90' lang='lat' dir='ltr'><strong>pervenissent,</strong></span> <span class='ocrx_word' id='word_1_209' title='bbox 969 3755 1102 3817; x_wconf 87' lang='lat' dir='ltr'><strong>Mares·</strong></span> 
     </span>
     <span class='ocr_line' id='line_1_33' title="bbox 157 3853 1102 3937; baseline -0.006 -16"><span class='ocrx_word' id='word_1_210' title='bbox 157 3856 267 3921; x_wconf 88' lang='lat' dir='ltr'><strong>callus</strong></span> <span class='ocrx_word' id='word_1_211' title='bbox 296 3863 331 3919; x_wconf 89' lang='lat' dir='ltr'><strong>et</strong></span> <span class='ocrx_word' id='word_1_212' title='bbox 353 3856 527 3919; x_wconf 88' lang='lat' dir='ltr'><strong>exercitus</strong></span> <span class='ocrx_word' id='word_1_213' title='bbox 558 3855 634 3937; x_wconf 89' lang='lat' dir='ltr'><strong>ejus</strong></span> <span class='ocrx_word' id='word_1_214' title='bbox 659 3862 754 3918; x_wconf 89' lang='lat' dir='ltr'><strong>totus</strong></span> <span class='ocrx_word' id='word_1_215' title='bbox 785 3854 965 3935; x_wconf 87' lang='lat' dir='ltr'><strong>strepitum</strong></span> <span class='ocrx_word' id='word_1_216' title='bbox 994 3853 1102 3915; x_wconf 91' lang='lat' dir='ltr'><strong>horri-</strong></span> 
     </span>
     <span class='ocr_line' id='line_1_34' title="bbox 157 3952 1103 4019; baseline -0.007 -1"><span class='ocrx_word' id='word_1_217' title='bbox 157 3955 260 4019; x_wconf 89' lang='lat' dir='ltr'><strong>bilem</strong></span> <span class='ocrx_word' id='word_1_218' title='bbox 280 3974 358 4016; x_wconf 91' lang='lat' dir='ltr'><strong>cum</strong></span> <span class='ocrx_word' id='word_1_219' title='bbox 376 3956 469 4017; x_wconf 89' lang='lat' dir='ltr'><strong>tubis</strong></span> <span class='ocrx_word' id='word_1_220' title='bbox 491 3954 689 4017; x_wconf 89' lang='lat' dir='ltr'><strong>emittentes</strong></span> <span class='ocrx_word' id='word_1_221' title='bbox 711 3961 746 4015; x_wconf 91' lang='lat' dir='ltr'><strong>et</strong></span> <span class='ocrx_word' id='word_1_222' title='bbox 764 3952 915 4014; x_wconf 89' lang='lat' dir='ltr'><strong>buccinis</strong></span> <span class='ocrx_word' id='word_1_223' title='bbox 936 3953 971 4014; x_wconf 95' lang='lat' dir='ltr'><strong>in</strong></span> <span class='ocrx_word' id='word_1_224' title='bbox 987 3952 1103 4014; x_wconf 89' lang='lat' dir='ltr'><strong>bostes</strong></span> 
     </span>
     <span class='ocr_line' id='line_1_35' title="bbox 159 4049 1104 4132; baseline -0.006 -15"><span class='ocrx_word' id='word_1_225' title='bbox 159 4056 295 4117; x_wconf 88' lang='lat' dir='ltr'><strong>irruunt</strong></span> <span class='ocrx_word' id='word_1_226' title='bbox 312 4053 490 4117; x_wconf 85' lang='lat' dir='ltr'><strong>venientes</strong></span> <span class='ocrx_word' id='word_1_227' title='bbox 512 4061 547 4116; x_wconf 93' lang='lat' dir='ltr'><strong>et</strong></span> <span class='ocrx_word' id='word_1_228' title='bbox 564 4072 630 4115; x_wconf 89' lang='lat' dir='ltr'><strong>non</strong></span> <span class='ocrx_word' id='word_1_229' title='bbox 651 4052 875 4132; x_wconf 86' lang='lat' dir='ltr'><strong>praemunitos</strong></span> <span class='ocrx_word' id='word_1_230' title='bbox 896 4070 1013 4113; x_wconf 90' lang='lat' dir='ltr'><strong>omnes</strong></span> <span class='ocrx_word' id='word_1_231' title='bbox 1039 4049 1104 4112; x_wconf 91' lang='lat' dir='ltr'><strong>illi·</strong></span> 
     </span>
    </p>
   </div>
   <div class='ocr_carea' id='block_1_10' title="bbox 210 4168 953 4216">
    <p class='ocr_par' dir='ltr' id='par_1_10' title="bbox 210 4168 953 4216">
     <span class='ocr_line' id='line_1_36' title="bbox 210 4168 953 4216; baseline -0.001 -2"><span class='ocrx_word' id='word_1_232' title='bbox 210 4169 288 4216; x_wconf 80' lang='lat' dir='ltr'>VOL.</span> <span class='ocrx_word' id='word_1_233' title='bbox 316 4169 359 4214; x_wconf 84' lang='lat' dir='ltr'><strong>lV.</strong></span> <span class='ocrx_word' id='word_1_234' title='bbox 514 4211 515 4214; x_wconf 75' lang='grc'>,</span> <span class='ocrx_word' id='word_1_235' title='bbox 932 4168 953 4213; x_wconf 89' lang='lat' dir='ltr'>U</span> 
     </span>
    </p>
   </div>
   <div class='ocr_carea' id='block_1_11' title="bbox 0 0 1507 4996">
    <p class='ocr_par' dir='ltr' id='par_1_11' title="bbox 0 0 1507 4996">
     <span class='ocr_line' id='line_1_37' title="bbox 0 0 1507 4996; baseline 0 0"><span class='ocrx_word' id='word_1_236' title='bbox 0 0 1507 4996; x_wconf 95' lang='lat' dir='ltr'><strong> </strong></span> 
     </span>
    </p>
   </div>
  </div>
 </body>
</html>
