2978 4996
373 460 439 525 174
630 476 765 525 nonnul
789 477 837 525 ua
860 477 1068 526 wnunovnn

211 646 334 690 nti-12²⁸·
374 632 460 696 dans
493 633 545 697 illi
579 652 703 698 nomen
727 636 868 699 vocavit
898 636 984 699 illud
1005 635 1223 700 ‘Stultitiam
1250 636 1325 701 Hu-

372 728 483 810 berti,'
502 732 596 815 quia,
614 753 692 797 cnm
710 734 896 798 novissime
917 734 1076 799 viderent
1098 744 1177 818 post
1200 744 1254 801 tot
1272 737 1324 801 la·

372 833 474 896 bores
491 840 525 896 et
540 852 713 914 expensas
737 834 813 898 solo
837 842 938 898 tenus
961 835 1230 918 complanatum,
1249 838 1325 921 jus-

373 932 544 995 ticiarium
559 952 678 996 omnes
694 952 764 997 non
780 933 892 997 solum
910 934 1127 1017 prophetam,
1141 937 1202 1000 sed
1218 938 1324 1000 etiam

373 1031 572 1113 plusquam
589 1032 808 1115 prophetam,
826 1052 903 1097 esse
918 1035 1095 1099 dixerunt.

409 1202 559 1282 Qomnodo
575 1203 764 1267 Fredericus
778 1204 813 1267 in
830 1212 947 1267 terram
961 1213 1102 1268 acanum
1117 1204 1298 1290 applicatus

615 1304 767 1388 nepotiani
786 1303 904 1366 atrati
912 1305 1081 1387 promovit.

210 1439 360 1529 312ssng
423 1425 553 1491 Eodem
569 1445 662 1490 auno
680 1425 894 1503 Fredericus,
920 1425 1157 1490 Romanorum
1178 1426 1324 1508 impera-

210 1540 341 1590 floume
372 1534 436 1601 tor,
457 1545 552 1589 mare
571 1525 861 1590 Mediterraneum
887 1519 1093 1606 'ingressus
1113 1533 1152 1589 nt
1170 1525 1322 1589 Domino

370 1631 490 1688 votum
514 1625 799 1707 peregrinationis
822 1624 1046 1707 persolveret,
1068 1625 1104 1688 in
1120 1624 1240 1706 vigilia
1259 1644 1320 1687 na·

371 1724 519 1788 tivitatis
532 1726 645 1788 heatae
657 1724 802 1806 virginis
820 1724 945 1788 Mariae
959 1723 1051 1807 apud
1070 1722 1192 1788 Achon
1209 1724 1322 1806 appli-

371 1822 455 1887 cuit.
490 1823 679 1888 Venientes
691 1825 722 1887 ei
732 1825 869 1888 obviam
879 1823 992 1888 clerus
1009 1831 1109 1887 terrae
1127 1831 1162 1887 et
1171 1823 1320 1906 populus

371 1916 467 1986 cum²
493 1942 620 2005 magno
643 1924 784 2000 honore,
807 1931 847 1987 ut
867 1930 1002 1987 tantum
1027 1923 1170 1987 docebat
1195 1924 1320 1999 virum,

371 2021 469 2086 illum
486 2031 708 2105 receperunt3
724 2023 1134 2104 veruntamen,quoniam
1151 2030 1321 2087 noverant

371 2141 447 2184 eum
467 2142 489 2185 a
506 2141 598 2204 papa
615 2123 962 2198 excommunicatum,
984 2140 1055 2185 non
1080 2122 1112 2185 ei
1132 2123 1320 2185 communi-

371 2228 538 2286 caverunt
569 2222 604 2283 in
635 2219 753 2283 osculo
784 2240 895 2303 neque
928 2221 965 2284 in
989 2239 1119 2297 mensa,
1147 2221 1209 2284 sed
1238 2240 1320 2285 con-

371 2320 564 2394 suluerunt,
593 2325 633 2382 ut
659 2319 798 2382 domino
822 2339 923 2403 papae
953 2319 1170 2384 satisfaciens
1193 2320 1321 2385 rediret

371 2418 415 2481 ad
433 2425 564 2481 sanctae
582 2418 736 2481 ecclesiae
755 2418 935 2483 unitatem.
980 2419 1170 2502 Templarii
1187 2438 1270 2483 vero
1284 2427 1320 2484 et

371 2516 603 2598 Hospitalarii
622 2518 658 2580 in
678 2517 829 2582 adventu
852 2519 927 2601 ejus
950 2517 1051 2582 flexis
1074 2519 1220 2600 genibus
1238 2517 1319 2584 ado-

369 2625 534 2681 raverunt
549 2637 639 2694 eum,
656 2637 770 2699 genua
786 2617 861 2700 ejus
879 2617 1131 2695 deosculantes
1153 2625 1189 2682 et
1209 2619 1319 2683 omnis

370 2716 522 2780 fidelium
540 2717 600 2800 qui
617 2716 737 2783 aderat
757 2718 931 2780 exercitus
945 2715 1185 2799 glorificabant
1205 2717 1319 2781 Deum

369 2816 406 2880 in
421 2818 572 2881 adventu
590 2817 711 2898 ipsius,
729 2824 909 2899 sperantes
927 2817 1019 2899 quod
1042 2836 1104 2898 per
1123 2836 1200 2880 eum
1221 2815 1320 2881 tieret

370 2916 464 2980 salus
487 2917 521 2979 in
538 2916 660 2981 Israel.
711 2915 812 2979 Tunc
835 2916 1023 2999 imperator
1049 2917 1093 2980 ad
1118 2917 1317 2980 universnm

369 3017 559 3080 exercitum
574 3035 714 3097 gravem
733 3014 893 3097 deposuit
908 3016 1157 3099 querimoniam
1173 3016 1216 3079 de
1232 3035 1317 3097 pon·

369 3115 461 3178 tifice
491 3114 664 3190 Romano,
691 3113 782 3197 quod
816 3114 981 3198 injustam
1013 3115 1142 3179 tulerat
1169 3114 1205 3178 in
1238 3135 1317 3180 eum

368 3214 588 3289 sententiam,
611 3212 785 3277 affirmans
807 3234 845 3278 se
867 3214 1081 3295 gravissimae
1106 3214 1316 3279 infirmitatis

368 3331 475 3376 causa
493 3313 560 3376 iter
578 3333 678 3376 sunm
700 3312 743 3377 ad
765 3320 866 3378 terrae
886 3320 1016 3377 sanctae
1038 3313 1229 3377 subsidium
1246 3314 1317 3377 dis·

367 3412 497 3476 tulisse.
550 3411 722 3477 Soldauus
739 3433 821 3477 vero
837 3412 1051 3496 Babyloniae,
1067 3433 1144 3477 cnm
1160 3412 1235 3496 ejus
1253 3413 1316 3476 ad-

402 3608 570 3682 ¹1ngressut.]
587 3616 662 3676 Upon
679 3614 722 3663 the
739 3627 829 3663 causes
855 3627 888 3661 an
907 3626 1063 3673 anouyinons
1082 3611 1223 3661 chronicler
1241 3611 1316 3676 (Rec.

367 3686 450 3735 which
478 3685 633 3735 determined
661 3683 780 3733 Frederic
803 3688 829 3732 to
855 3682 901 3732 des
913 3683 982 3731 Hist.
994 3683 1067 3731 xviii.
1078 3696 1104 3743 p.
1116 3678 1176 3745 581)
1188 3682 1283 3744 speaks
1293 3679 1321 3732 oi

366 3756 507 3804 undertahe
528 3755 579 3804 this
601 3755 756 3816 expedition,
778 3753 829 3801 and
855 3753 875 3801 it
885 3766 924 3813 as,
936 3753 944 3779 ‘
954 3752 1019 3812 Ejus
1029 3752 1096 3799 mato
1113 3751 1187 3800 Deus
1203 3755 1278 3802 utens
1292 3752 1318 3800 in

365 3824 409 3873 the
420 3839 537 3887 progress
551 3824 580 3874 oi
594 3826 623 3885 it,
640 3821 830 3884 seeMichaud,
854 3822 947 3871 bonum
967 3821 991 3869 ei
1010 3821 1105 3881 ubique
1124 3820 1256 3870 victoriam
1275 3821 1319 3870 de·

367 3893 437 3945 Hist.
448 3895 494 3943 des
506 3893 588 3944 crois.
600 3895 634 3944 iv.
645 3909 672 3956 p.
683 3897 725 3956 25,
735 3906 800 3956 seqq.
854 3892 893 3940 dit
902 3887 917 3952 3¹
944 3888 1032 3939 whilst
1058 3889 1146 3939 Fuller
1172 3905 1252 3952 opens
1278 3891 1317 3940 his

854 3961 959 4022 chapter
974 3974 1007 4008 on
1023 3958 1074 4009 thia
1090 3964 1149 4021 part
1163 3959 1193 4008 οἰ
1208 3959 1249 4009 his
1268 3960 1319 4010 hin·

400 4029 480 4082 'Cum
502 4048 590 4095 magno
613 4030 733 4094 honora]
761 4030 829 4079 Itis
854 4035 909 4092 tory
921 4025 1318 4091 with,‘SeehowGod’sblest·

363 4104 480 4166 amusing
496 4108 522 4152 to
539 4102 600 4151 rand
617 4102 659 4151 the
670 4105 792 4152 accounts
803 4101 832 4149 os
854 4101 897 4162 ing
914 4100 989 4163 goeth
1006 4100 1082 4162 along
1092 4098 1155 4148 with
1171 4099 1215 4149 the
1231 4096 1319 4162 pope’s

363 4172 504 4222 Frederic’s
520 4172 630 4221 conduct
646 4172 696 4221 und
713 4171 754 4219 his
770 4184 828 4219 suc·
853 4164 957 4230 cumes,’
974 4184 1001 4231 p.
1022 4172 1079 4220 16³.
1115 4169 1164 4219 See
1182 4168 1319 4231 Raynnldi,

363 4256 430 4303 cess,
438 4256 468 4291 as
477 4240 827 4304 givenbydifferentwriters:
853 4246 913 4289 tom.
925 4240 954 4290 ii.
965 4253 992 4300 p.
1005 4242 1029 4300 1,
1040 4253 1104 4303 seqq.
