2978 4996
209 648 264 688 Μ).
275 649 332 687 122⁶.

208 699 255 737 'l'he
263 698 332 747 popc's

208 759 297 787 censure
305 749 329 786 ot

209 798 247 838 tho
254 807 356 846 emperor.

371 462 436 527 158
560 518 561 522 ,
622 476 757 524 uocum
782 476 828 525 nn
853 476 1061 526 wnnnovnu

371 627 477 690 flante
491 634 596 690 vento
614 625 725 707 plenis
740 626 827 689 velis
844 627 888 689 ad
902 635 1040 708 portum
1054 627 1220 704 tenditur,
1237 631 1318 693 sub·

369 727 419 789 ito
436 733 559 790 ventus
587 726 719 788 irruens
746 745 790 788 ex
815 726 973 801 adverso,
994 727 1163 808 impulsus
1182 720 1234 791 vab
1259 728 1320 794 illo

370 826 470 909 cujus
484 825 613 888 halitus
628 824 747 888 ardere
761 824 856 900 facit,
872 825 915 887 ad
933 824 1150 888 altitudinem
1165 828 1270 891 maris
1285 837 1321 892 ct

371 924 605 987 turbulentum
637 923 882 1005 profunditatis
905 942 1073 986 oceanum
1099 927 1199 988 navis
1229 929 1321 1008 rapi·

371 1031 439 1100 tur,
462 1043 540 1105 quae
562 1024 676 1086 cincta
697 1022 859 1085 fluctibus
884 1023 1062 1103 mergitur,
1084 1043 1148 1086 nec
1169 1026 1322 1088 submer-

371 1124 477 1203 gitur,
494 1123 576 1205 quia
594 1122 630 1184 in
648 1140 691 1184 ea
708 1121 879 1184 Dominus
900 1122 1054 1185 residens
1072 1122 1319 1204 discipulorum

372 1222 510 1285 tandem
536 1221 743 1289 clamoribus
768 1221 956 1296 excitatur,
982 1220 1070 1296 dum,
1091 1221 1191 1302 fugat
1218 1224 1320 1305 spiri·

371 1327 427 1382 tus
457 1319 682 1395 insufflantes,
707 1327 743 1382 et
767 1319 855 1382 mari
883 1319 1064 1401 ventisque
1095 1319 1254 1401 imperat,
1281 1321 1321 1385 fit

372 1418 607 1499 tranquillum.
666 1416 828 1495 Quatuor
855 1418 992 1499 quidem
1018 1419 1179 1499 procellae
1205 1421 1320 1501 quati-

371 1527 434 1579 unt
448 1536 572 1580 navem
588 1518 689 1579 istam
704 1536 713 1594 ;
738 1536 818 1580 nam
835 1516 966 1599 perfida
985 1535 1200 1598 paganorum
1216 1520 1319 1582 turba

371 1622 497 1677 terram
531 1615 696 1697 inclytam
726 1615 856 1679 Christi
885 1616 1054 1697 sanguine
1082 1625 1318 1681 consecratam

370 1713 475 1794 impie
506 1714 660 1778 detinere
689 1715 922 1793 contendunt;
955 1715 1068 1778 rabies
1094 1722 1319 1797 tyrannorum

371 1813 575 1893 temporalia
594 1814 731 1894 rapiens
755 1814 965 1877 exterminat
980 1813 1155 1896 justitiam
1181 1823 1217 1878 et
1237 1835 1320 1880 con-

371 1911 484 1975 culcat
501 1912 768 1976 ecclesiasticam
783 1913 992 1990 libertatem3
1016 1912 1253 1976 haereticorum
1269 1916 1319 1977 in-

370 2012 471 2075 sania
503 2010 632 2075 Christi
664 2012 817 2074 tunicam
842 2011 998 2074 scindere
1029 2012 1152 2074 nititur
1177 2020 1213 2075 et
1240 2015 1321 2076 sub-

369 2120 504 2178 vertere
528 2111 607 2173 fidei
632 2118 910 2189 sacramentum
938 2110 1102 2174 falsorum
1119 2110 1263 2175 fratrum
1286 2123 1320 2177 et

371 2208 519 2272 filiorum
552 2208 673 2273 dolosa
703 2209 911 2289 perversitas
941 2210 1094 2273 concutit
1121 2211 1255 2274 viscera
1285 2221 1320 2277 et

370 2307 462 2370 latus
479 2308 643 2369 dilacerat
661 2307 882 2371 matrissuae.
937 2308 1063 2389 Sicque
1080 2307 1163 2371 foris
1181 2329 1320 2391 pugnae,

369 2406 464 2468 intus
485 2406 649 2483 timores;
673 2413 775 2469 extra
798 2406 960 2470 interficit
981 2407 1129 2488 gladius,
1155 2416 1191 2471 et
1210 2409 1320 2473 domi-

369 2504 434 2566 bus
456 2523 547 2566 mors
574 2503 733 2568 similiter
752 2505 965 2584 intentatnr;
991 2506 1109 2587 sicque
1124 2506 1321 2589 frequenter

370 2602 421 2678 fit,
448 2603 538 2683 quod
569 2603 699 2667 Christi
726 2604 872 2667 ecclesia
899 2611 952 2668 tot
981 2605 1150 2686 angustiis
1185 2615 1321 2687 pertur-

369 2702 495 2780 batur;
527 2702 608 2765 dum
638 2702 729 2766 alere
762 2703 870 2767 credit
902 2703 1003 2780 filios,
1037 2705 1147 2767 nutrit
1174 2705 1210 2767 in
1241 2707 1319 2771 sinu

368 2801 496 2882 ignem,
520 2809 697 2885 serpentes
723 2809 758 2864 et
777 2801 927 2883 regulos,
950 2803 1010 2884 qui
1030 2800 1116 2866 flatu
1144 2811 1180 2866 et
1203 2825 1320 2870 morsu

369 2909 404 2964 et
426 2901 584 2965 incendio
606 2907 732 2965 cuncta
754 2909 892 2964 vastare
921 2902 1089 2966 nituntur.
1136 2900 1231 2967 Hinc
1255 2915 1320 2982 est,

368 3001 460 3080 quod
487 3000 530 3062 ad
553 3008 710 3063 monstra
740 2998 935 3082 hujusmodi
960 3000 1170 3082 perimenda,
1199 3012 1235 3067 et
1258 3023 1321 3068 ex·

368 3099 574 3179 pugnandos
605 3099 696 3161 acies
727 3099 894 3174 inimicas,
924 3100 968 3163 ad
996 3106 1240 3182 tempestatum
1268 3103 1321 3166 in·

369 3196 589 3277 quietudines
604 3195 825 3277 mitigandas,
841 3198 1033 3281 apostolica
1053 3199 1152 3262 sedes
1168 3200 1222 3263 his
1236 3208 1321 3265 tem·

369 3294 510 3375 poribus
527 3314 604 3357 cunr
623 3295 732 3359 multa
749 3295 928 3378 diligentia
942 3297 1114 3379 quendam
1131 3298 1321 3378 alumnum,

368 3393 611 3473 imperatorem
628 3394 788 3459 videlicet
806 3396 1038 3472 Fredericum,
1061 3415 1163 3477 quem
1179 3401 1281 3479 quasi
1299 3419 1321 3464 a

369 3493 489 3555 matris
513 3500 612 3557 utero
636 3495 786 3576 excepit,
806 3495 967 3558 uberibus
987 3494 1144 3572 lactavit,
1170 3496 1320 3562 humeris

368 3591 550 3674 bajulavit,
578 3593 621 3656 de
644 3594 802 3657 manibus
823 3594 1050 3675 quaerentium
1072 3594 1222 3659 animam
1245 3598 1322 3680 ejus

368 3690 567 3774 frequenter
583 3693 721 3774 eripuit,
736 3693 881 3756 educare
899 3693 1046 3769 studuit,
1059 3693 1176 3757 multis
1195 3695 1322 3760 labori-

368 3791 432 3853 bus
455 3799 490 3855 et
515 3792 677 3875 expensis
699 3810 808 3874 usque
830 3792 874 3854 ad
897 3793 1009 3855 virum
1029 3792 1219 3874 perfectum
1243 3815 1323 3876 per·

369 3889 481 3967 duxit,
505 3892 548 3955 ad
574 3892 676 3973 regiae
694 3891 874 3972 dignitatis
892 3891 1050 3955 decorem
1069 3898 1103 3954 et
1121 3893 1261 3956 tandem
1278 3896 1321 3959 ad

368 3988 545 4071 fastigium
579 3989 737 4054 culminis
764 3990 952 4073 imperialis
979 3991 1153 4073 provexit,
1179 3993 1323 4058 credens

368 4087 462 4150 illurn
492 4089 618 4152 habere
644 4088 851 4153 defensionis
874 4091 1009 4171 virgam
1034 4097 1068 4153 et
1084 4091 1246 4154 baculum
1266 4113 1323 4157 se·

368 4187 527 4249 nectutis.
581 4186 662 4270 Ipse
692 4198 820 4265 autem,
845 4189 927 4251 dum
952 4190 988 4252 in
1021 4188 1251 4255 Teutonicam
1283 4213 1322 4257 se
