2978 4996
432 431 498 494 144
691 444 826 492 noonnr
850 445 896 492 nn
920 442 1128 493 wnnnovnn

271 619 327 659 an.
338 619 394 659 12²⁷.
434 602 630 678 furibundo,
648 609 683 664 et
700 600 800 665 favor
820 601 1048 682 exstinguens
1070 599 1295 684 palpabitur3
1324 620 1386 664 no-

433 721 499 765 vus
521 721 607 782 grex
633 708 750 782 serpet
771 700 815 764 ad
839 699 1022 776 tumulum,
1043 700 1156 783 etqui
1174 700 1388 763 mundantur

433 802 469 863 in
490 820 628 864 nemore
649 800 747 863 tenui
772 800 850 863 cibo
876 800 1108 878 cibabuntur3
1135 799 1304 863 frustrata
1334 808 1388 863 est

433 919 514 981 spes
523 900 737 981 sperantium
752 906 789 963 et
802 898 938 981 requies
953 898 1220 974 consolantium,
1234 898 1384 980 inquam

433 1000 620 1080 sperabant
641 998 833 1075 fiduciam3
865 998 925 1079 qni
958 998 994 1061 in
1023 997 1174 1061 tenebris
1205 996 1384 1061 ambulant

434 1098 476 1160 ad
495 1098 610 1161 lumen
633 1096 805 1173 redibunt,
827 1104 862 1160 et
879 1115 959 1179 quae
980 1096 1118 1160 diversa
1140 1101 1240 1160 erant
1262 1115 1324 1178 per
1339 1095 1386 1157 di·

434 1215 536 1260 versa
560 1196 855 1271 consolabuntur;
884 1214 951 1259 non
981 1194 1117 1259 modica
1141 1195 1284 1276 incipiet
1309 1195 1385 1276 plu·

434 1316 492 1359 ere
503 1296 625 1371 nubes,
639 1296 722 1377 qnia
738 1301 912 1358 natusest
923 1295 1126 1357 immutator
1138 1294 1279 1371 saecn1i3
1302 1312 1385 1357 con-

434 1400 554 1475 surget
572 1393 671 1456 favor
685 1400 807 1456 contra
828 1393 1031 1476 simplicem,
1054 1399 1089 1456 et
1105 1391 1310 1474 simplicitas
1332 1400 1384 1455 at·

435 1500 578 1557 tenuata
605 1491 773 1572 spirabit;
801 1491 906 1556 decus
929 1492 964 1555 in
987 1491 1135 1555 dedecus
1156 1491 1383 1554 commutabi-

435 1597 504 1667 tur,
532 1598 568 1655 et
590 1591 754 1672 gaudium
779 1591 966 1655 multorum
992 1591 1029 1654 in
1059 1590 1214 1654 luctum!
1267 1589 1386 1672 Hujus

435 1697 551 1753 antem
582 1676 772 1772 prophetiae
804 1690 1124 1772 interpretationem
1151 1708 1301 1771 sequens
1333 1709 1387 1752 re-

435 1808 510 1851 rum
533 1795 678 1853 eventus
701 1789 779 1852 lnce
804 1788 932 1859 clarius
955 1787 1158 1865 declarabit,
1182 1787 1214 1851 si
1237 1787 1386 1853 sollicite

435 1888 653 1970 indagentur.

458 2059 613 2133 Quomodo
626 2059 680 2124 loe
694 2061 926 2144 temporassem
935 2069 981 2173 ‘est
997 2060 1089 2124 motio
1105 2080 1220 2145 maone
1236 2059 1272 2124 io
1287 2080 1361 2144 opus

856 2180 968 2224 ouen.

273 2292 422 2383 Promona·
486 2281 617 2346 Eodem
645 2265 752 2358 anno,
775 2282 810 2345 in
836 2281 905 2345 fine
928 2282 1056 2345 mensis
1080 2280 1191 2357 lunii,
1215 2280 1308 2344 sacta
1334 2289 1388 2345 est

434 2381 542 2443 motio
557 2380 711 2443 maxima
726 2380 762 2443 in
785 2399 873 2462 opus
896 2381 1007 2445 crucis
1026 2399 1089 2461 per
1112 2380 1229 2443 orbem
1246 2380 1387 2443 univer·

434 2498 509 2541 sum
522 2480 861 2560 crucesignatorum,
873 2498 952 2561 qnae
965 2478 1053 2542 adeo
1062 2477 1128 2541 fuit
1139 2497 1335 2553 numerosa,
1346 2488 1386 2543 ut

434 2597 479 2640 ex
502 2578 577 2641 solo
598 2577 791 2660 Anglornm
815 2596 922 2658 regno
945 2577 1128 2659 plusquam
1151 2577 1385 2658 qnadraginta

435 2676 543 2741 millia
557 2679 741 2760 proborum
760 2676 947 2752 hominnm,
961 2684 1090 2758 praeter
1111 2695 1211 2738 senes
1234 2682 1270 2739 et
1287 2678 1386 2739 muli·

435 2796 521 2852 eres,
533 2777 677 2859 profecti
694 2776 897 2840 referantur.
935 2774 1017 2839 Hoc
1032 2774 1122 2838 enim
1137 2774 1316 2839 consessus
1331 2784 1385 2841 est

435 2877 601 2957 magister
630 2876 823 2952 Hubertns,
847 2892 937 2937 nnus
963 2893 1007 2937 ex
1037 2873 1321 2955 praedicatoribus
1348 2877 1385 2938 in

434 2972 576 3055 Anglia,
600 2993 757 3037 asserens
773 2974 942 3037 veraciter
964 2974 1149 3037 totiusne
1168 2971 1283 3036 rotulo
1304 2993 1386 3037 con-

434 3074 626 3154 scripsisse.
679 3071 750 3150 Qui
768 3091 899 3148 omnes,
913 3079 948 3134 et
963 3072 1137 3153 praecipue
1151 3090 1334 3153 pauperes,
1349 3075 1384 3136 in

433 3171 559 3252 quibus
574 3171 690 3233 divina
704 3171 866 3235 voluntas
883 3171 1059 3253 quiescere
1072 3171 1173 3246 solet,
1190 3190 1267 3234 cum
1285 3178 1383 3236 tanta

434 3268 617 3332 devotione
633 3289 720 3351 opus
740 3271 852 3333 crucis
874 3275 1147 3351 assumpserunt,
1166 3276 1205 3331 ut
1222 3270 1287 3333 sibi
1303 3271 1382 3335 inde

434 3368 554 3449 procul
570 3368 675 3433 dubio
697 3371 915 3452 acquirerent
931 3367 1083 3433 favorem
1104 3370 1269 3444 tonantis,
1289 3370 1381 3451 quod

433 3465 544 3547 signis
561 3475 699 3532 constat
717 3468 935 3533 evidentibus
950 3468 1161 3532 declaratum
1177 3487 1185 3546 ;
1214 3468 1381 3550 siquidem

432 3566 468 3628 in
508 3574 609 3631 nocte
648 3568 842 3631 nativitatis
879 3567 973 3630 beati
1007 3565 1031 3628 J
1033 3566 1177 3629 ohannis
1212 3567 1383 3649 Baptistae

434 3664 585 3729 ostendit
607 3685 645 3729 se
672 3666 842 3730 Dominus
866 3666 902 3728 in
925 3666 1141 3729 firmamento
1167 3666 1383 3743 crucifixum,

433 3763 524 3846 qnod
541 3765 721 3846 perspicue
738 3765 899 3847 apparuit
914 3765 950 3827 in
965 3783 1065 3827 cruce
1085 3763 1297 3852 lucidissima
1310 3786 1385 3830 cor-

432 3881 498 3942 pus
516 3863 735 3928 Dominicum
758 3864 866 3927 clavis
888 3871 924 3927 et
938 3864 1060 3927 lancea
1074 3863 1284 3945 perforatum
1302 3884 1381 3929 nec·

433 3981 501 4024 non
523 3981 645 4026 cruore
667 3981 873 4045 respersum,
896 3970 935 4025 ut
955 3962 1113 4026 fidelibus
1133 3963 1206 4026 suis
1222 3971 1383 4045 patenter

433 4060 630 4125 ostenderet
661 4062 825 4126 Salvator
854 4061 973 4124 mundi
1006 4081 1050 4125 ex
1080 4062 1146 4125 hac
1176 4062 1383 4145 populorum

431 4158 615 4223 devotione
629 4181 667 4224 se
683 4161 788 4224 fuisse
805 4160 993 4243 placatum.
1046 4159 1151 4225 Hanc
1174 4181 1314 4245 quoque
1333 4164 1382 4227 vi·
