2978 4996
428 448 568 497 rnonns
592 450 863 501 ursrorurnuu.
1048 435 1114 500 189

164 604 248 685 pulo
273 625 349 681 suo,
367 607 425 687 qui
454 607 588 671 exaltat
610 609 868 691 mansuetosin
890 609 1051 687 salntem,
1075 619 1114 674 ut
1127 621 1183 662 M>-
1194 623 1251 662 ¹²²⁹·

164 702 293 767 faceret
317 705 504 769 vindictam
529 708 564 769 in
596 707 794 771 nationibus
823 715 858 771 et
880 708 1112 773 dissensiones

164 801 199 865 in
215 804 376 882 gentibus
392 804 586 868 Saracenis.
641 806 726 869 Erat
742 807 833 868 enim
850 807 885 869 in
900 807 1019 871 diebus
1036 809 1112 871 istis

163 900 336 965 Soldanus
360 903 564 985 Babyloniae
588 904 785 968 domesticis
806 905 957 987 undique
983 907 1113 987 praelils

164 1007 234 1063 tam
255 1002 409 1081 graviter
430 1022 629 1085 oppressus,
653 1003 757 1084 quod,
778 1024 821 1067 ne
845 1006 957 1068 minus
983 1003 1113 1068 suffice

164 1105 216 1161 ret
236 1100 279 1162 ad
301 1100 412 1183 plura,
434 1111 575 1166 coactus
601 1111 654 1166 est
678 1122 756 1165 cum
777 1103 984 1185 imperatore
1007 1103 1114 1166 medi-

163 1198 302 1261 antibus
321 1193 470 1282 ¹treugis
487 1201 731 1265 decennalibus
751 1221 967 1284 componere,
987 1223 1029 1266 ac
1044 1211 1113 1266 ter·

163 1316 236 1359 ram
276 1306 432 1362 sanctam
467 1300 597 1383 populo
631 1301 705 1363 sine
737 1302 916 1382 sanguinis
948 1302 1112 1365 effusione

163 1395 304 1459 reddere
322 1396 533 1463 Christiano.
579 1398 704 1481 Sicque
721 1401 863 1463 missum
882 1408 934 1463 est
951 1420 972 1463 a
990 1401 1112 1465 Domi-

165 1514 209 1557 no
227 1495 354 1558 bellum
378 1497 518 1574 bonum,
538 1507 577 1560 ut
593 1507 808 1580 rumperetur
826 1519 896 1582 pax
914 1500 1027 1579 mala3
1051 1500 1110 1563 scd

164 1592 268 1677 hujus
290 1596 414 1675 gratiae
440 1596 567 1660 divinae
591 1597 806 1674 beneficium,
829 1607 868 1662 ut
890 1599 1019 1680 legenti
1043 1599 1111 1662 cla-

164 1693 235 1754 rius
254 1692 445 1773 illucescat,
464 1697 582 1759 literas
605 1696 701 1777 legat
718 1696 869 1760 Romani
894 1697 1112 1780 imperatoris

163 1809 247 1856 auro
271 1792 435 1870 bullatas,
451 1814 538 1876 quas
560 1794 714 1858 Henrico
732 1793 872 1876 Angliae
893 1798 967 1878 regi
984 1797 1020 1860 in
1038 1796 1111 1860 haec

162 1891 268 1954 verba
285 1890 433 1971 direxit;

161 2087 305 2173 Epistohr
320 2090 519 2175 imperatoris
533 2090 579 2154 ad
592 2110 689 2175 rupem
701 2088 875 2174 duplorum
885 2087 922 2151 de
929 2086 1110 2171 premissis.

205 2212 444 2290 ‘Fredericus
455 2213 521 2277 Dei
531 2215 646 2295 gratia
661 2212 899 2277 Romanorum
912 2211 1112 2293 imperator,
1125 2223 1267 2315 ppnuttffiu

162 2331 299 2395 semper
319 2321 502 2395 augustus,
523 2312 744 2376 Hierusalem
762 2320 797 2375 et
813 2311 939 2375 Siciliae
963 2330 1038 2386 rex,
1056 2329 1111 2373 ca·
1176 2286 1198 2324 η
1247 2304 1253 2317 ’

162 2411 298 2477 rissimo
314 2414 425 2476 amico
442 2432 505 2476 suo
522 2412 688 2486 Henrico,
702 2409 898 2491 Anglorum
916 2412 1001 2492 regi,
1017 2410 1110 2473 salu·

162 2518 231 2574 tem
245 2519 280 2574 et
291 2511 434 2575 sincerae
448 2511 642 2575 dilectionis
657 2510 828 2574 affectum.
868 2503 1066 2573 ²Laetentur
1076 2519 1110 2574 et

162 2610 320 2673 exultent
336 2607 455 2675 omnes
478 2612 513 2673 in
537 2610 698 2685 Domino,
719 2619 754 2672 et
771 2609 963 2690 glorientur
981 2610 1111 2690 pariter

162 2711 246 2772 recti
258 2709 373 2787 corde,
385 2710 456 2791 qui,
470 2717 510 2772 ut
520 2716 638 2772 notam
653 2709 781 2770 faceret
795 2707 984 2789 potentiam
999 2726 1111 2783 suam,

162 2827 230 2870 non
245 2809 279 2870 in
296 2810 393 2889 equis
407 2817 468 2872 aut
477 2808 633 2872 curribus
646 2807 826 2888 gloriatur,
838 2824 929 2868 nunc
939 2804 1034 2867 dedit
1045 2806 1110 2868 sibi

162 2908 307 2987 gloriam
334 2908 369 2969 in
395 2907 570 2989 paucitate
595 2907 759 2981 virorum,
785 2914 824 2967 ut
843 2911 1055 2985 cognoscant
1075 2911 1110 2967 et

160 3006 358 3087 intelligant
374 3026 505 3083 omnes,
524 3004 616 3088 quod
639 3005 713 3086 ipse
736 3004 782 3067 sit
796 3004 969 3084 gloriosus
986 3004 1021 3065 in
1038 3022 1111 3065 ma-

157 3105 299 3187 jestate,
328 3106 489 3169 terribilis
517 3105 552 3167 in
586 3103 853 3184 magnificentia,
879 3102 1046 3165 mirabilis
1074 3104 1110 3165 in

161 3204 313 3266 consiliis
335 3224 440 3286 super
457 3204 546 3267 filios
566 3203 752 3278 hominum,
769 3223 831 3285 pro
849 3203 1028 3266 voluntate
1046 3222 1110 3265 sua

160 3310 317 3384 tempora
346 3312 483 3367 mutans
511 3311 546 3366 et
572 3303 785 3365 diversarum
815 3302 919 3366 corda
955 3303 1109 3383 gentium

160 3402 195 3464 in
217 3421 322 3464 unum
346 3412 564 3478 convertens,
587 3421 666 3465 cum
690 3402 725 3464 in
742 3403 862 3483 paucis
885 3402 1005 3464 diebus
1032 3401 1109 3464 istis

158 3501 364 3565 miraculose
387 3502 625 3584 potiusquam
649 3500 850 3563 fortitudine
870 3500 955 3563 illud
975 3500 1110 3580 negoti-

159 3618 217 3662 um
233 3601 280 3663 sit
293 3609 482 3681 peractum,
498 3600 589 3682 quod
605 3619 626 3662 a
644 3599 757 3680 longis
773 3600 987 3679 temporibus
1002 3605 1111 3659 retro-

158 3700 246 3763 actis
275 3700 375 3762 multi
404 3700 576 3781 principes
607 3706 643 3762 et
666 3698 793 3761 diversi
824 3697 918 3759 orbis
950 3702 1109 3777 potentes

158 3798 195 3861 in
216 3798 437 3862 multitudine
464 3799 617 3880 gentium
647 3817 709 3860 nec
731 3816 794 3879 per
816 3797 906 3859 vires
927 3801 1111 3875 quantum-

195 3973 349 4035 ¹Treugis.]
366 3972 420 4020 The
439 3972 519 4021 heads
536 3971 565 4020 of
581 3972 623 4021 tbe
683 3967 833 4018 ‘latentur
846 3973 870 4017 et
886 3967 1019 4029 exultent]
1037 3967 1113 4016 Com-

156 4041 624 4104 treaty,withtbenotesolGeroldus,
650 4055 710 4101 pure
726 4039 862 4099 Raynnldi,
872 4038 900 4087 ii.
912 4054 937 4099 p.
950 4042 981 4097 ⁷3
1000 4037 1050 4086 and
1068 4037 1112 4086 Ri-

158 4113 287 4174 patriarch
296 4112 325 4159 os
329 4112 484 4172 Jerusalem,
493 4126 536 4161 are
546 4112 624 4173 print·
649 4109 719 4159 card.
738 4109 770 4157 de
787 4109 813 4157 S.
832 4108 954 4158 German.
971 4108 1020 4157 col.
1039 4111 1113 4169 1011,

158 4182 192 4232 ed
203 4184 236 4243 by
247 4181 386 4245 Rayualdi,
397 4183 425 4230 ii.
437 4196 464 4243 p.
475 4186 500 4232 6.
649 4195 698 4244 req.
714 4179 860 4230 Continuat.
869 4177 1008 4240 will.Tyr.
1018 4193 1045 4240 p.
1054 4180 1112 4228 oba.
