2978 4996
389 466 528 514 ntonns
553 469 822 517 ursvonninnu.
1067 456 1090 517 3

138 618 196 699 qui
211 619 368 699 aderant,
383 630 417 687 et
429 643 549 686 omnes
565 624 596 686 ei
613 623 848 687 fidelissimum
868 617 1087 705 ¹obsequium
1100 640 1156 681 an·
1168 641 1223 680 121⁶·

138 722 381 798 promiserunt.
443 721 639 786 Coronatus
674 730 728 785 est
758 730 872 785 autem
912 722 1087 787 Henricus

138 818 262 879 tertius
285 837 376 883 anno
399 821 513 884 aetatis
541 840 614 883 suae
639 819 785 899 decimo,
808 822 844 883 in
867 821 923 885 die
946 831 1088 904 aposto·

138 912 248 978 lorum
266 916 415 981 Simonis
433 927 468 981 et
486 919 509 982 J
514 919 602 994 udae,
622 918 755 982 scilicet
775 919 938 983 vicesimo
961 929 1086 984 octavo

136 1012 192 1076 die
220 1015 348 1078 mensis
373 1017 547 1081 Octobris.
601 1017 681 1079 Rex
702 1025 817 1080 antem
840 1026 919 1099 post
939 1038 1085 1083 corona·

138 1112 267 1176 tionem
289 1135 387 1178 suam
417 1116 583 1179 remansit
601 1116 637 1178 in
663 1116 821 1178 custodia
840 1116 1006 1179 Willelmi
1029 1137 1087 1181 co-

138 1211 232 1274 mitis
256 1210 425 1291 Penbroc,
449 1215 567 1295 magni
589 1214 749 1279 videlicet
773 1213 1008 1290 Mareschalli,
1027 1216 1085 1297 qui

138 1310 295 1388 protinus
322 1314 415 1377 misit
440 1313 559 1376 literas
586 1313 630 1375 od
659 1331 778 1376 omnes
802 1313 1019 1377 vicecomites
1043 1313 1085 1378 de

137 1427 246 1488 regno
266 1409 406 1491 Angliae
433 1419 469 1474 et
490 1410 708 1487 castellanos,
731 1412 936 1492 praecipiens
967 1413 1086 1493 singu-

137 1504 192 1581 lis,
216 1516 255 1571 ut
281 1511 354 1590 regi
381 1528 492 1591 nuper
520 1517 685 1573 coronato
713 1517 830 1572 essent
857 1510 1085 1588 intendentes,

137 1607 341 1685 promittens
364 1609 520 1672 omnibus
547 1608 783 1690 possessiones
810 1609 939 1688 pariter
962 1628 1003 1671 ac
1026 1610 1084 1672 do

139 1704 237 1767 naria
259 1706 380 1783 multa,
403 1707 453 1770 ita
475 1714 514 1770 ut
538 1707 630 1770 dicto
656 1708 729 1787 regi
757 1706 904 1770 fideliter
932 1707 1086 1772 adhaere-

139 1810 237 1881 rent;
271 1805 389 1886 sicque
418 1805 550 1869 nobiles
575 1805 728 1868 universi
752 1812 788 1868 et
811 1805 1003 1883 castellani,
1026 1807 1086 1888 qui

137 1902 229 1982 patri
259 1902 333 1985 ejus
372 1905 576 1979 servierant,
607 1903 640 1965 ei
671 1902 780 1966 multo
814 1902 950 1967 fidelius
979 1924 1084 1986 quam

137 2001 211 2080 regi
235 1999 390 2064 Johanni
415 2003 646 2077 adhaeserunt,
669 2001 752 2083 quia
777 2001 886 2082 patris
907 2002 1085 2083 iniquitas,

138 2107 177 2162 ut
198 2101 333 2162 cunctis
357 2101 547 2178 videbatur,
571 2100 642 2163 filio
663 2119 730 2162 non
754 2098 873 2162 debuit
895 2101 1084 2181 imputari;

137 2198 228 2260 unde
256 2218 376 2262 omnes
406 2219 483 2262 sese
514 2199 558 2262 ad
589 2198 820 2261 defensionem
848 2206 1085 2280 praeparantes

137 2296 282 2360 castella
301 2316 365 2360 sua
387 2299 577 2379 peroptime
599 2298 732 2360 munire
754 2306 943 2378 coeperunt.
997 2298 1085 2361 Ani·

138 2398 254 2460 mahat
273 2405 443 2477 praeterea
464 2415 535 2472 eos,
559 2396 618 2477 qui
640 2403 774 2477 portem
794 2396 886 2476 regis
909 2396 1085 2472 fovebant,

138 2494 440 2575 quamplurimum,
462 2495 554 2576 quod
577 2494 725 2575 singulis
747 2494 867 2557 diebus
892 2495 1085 2557 Dominicis

138 2611 179 2655 ac
197 2592 330 2656 festivis
353 2593 575 2657 Lodowicum
599 2611 677 2655 cum
701 2599 735 2654 et
758 2591 982 2673 complicibus
1008 2593 1085 2675 ejus

135 2698 171 2753 et
188 2690 379 2755 fautoribus
398 2691 689 2754 excommunicari
706 2690 881 2753 videbant.

183 2846 324 2925 Qualiter
340 2846 534 2921 Lodowicas,
549 2843 663 2907 aedita
680 2853 774 2906 morte
789 2844 868 2927 repis
884 2842 1049 2918 Jolteuais,

439 2965 460 3006 a
477 2944 601 3006 Docere
615 2942 776 3003 recesserit.

190 3067 346 3149 Cumque
365 3066 570 3129 Lodowicus
588 3083 628 3126 ac
649 3065 805 3139 barones,
824 3063 884 3144 qui
902 3062 994 3143 apud
1012 3063 1085 3126 Do·
1096 3075 1212 3174 {mo
1256 3149 1261 3158 Ι

139 3186 280 3229 vereose
305 3174 457 3228 castrum
483 3163 696 3228 obsidionem
723 3163 885 3242 agebant,
909 3162 952 3223 de
975 3171 1234 3265 mortegpppover

138 3266 229 3344 regis
268 3263 440 3328 Johannis
482 3261 650 3327 veridicos
687 3261 826 3323 nuntios
859 3261 1085 3342 accepissent,
1163 3253 1169 3264 '

138 3363 266 3426 invasit
288 3381 405 3426 omnes
427 3361 551 3424 laetitia
572 3378 711 3440 magna,
735 3366 775 3421 ut
792 3358 851 3439 qui
875 3378 912 3420 se
937 3358 1086 3421 confide-

136 3462 220 3524 bant
231 3480 372 3542 regnum
385 3459 522 3540 Angliae
534 3458 751 3540 subjugasse.
786 3450 855 3519 2Αῑ
868 3456 1085 3533 Lodowicus,

174 3661 372 3734 1οὸιιιιμιιίιηι.]
401 3667 556 3716 ‘Fidelitate
573 3670 598 3713 et
624 3663 722 3725 Burgh,
738 3664 772 3723 by
784 3661 869 3710 which
879 3663 900 3710 it
910 3676 1018 3722 appears
1029 3661 1084 3709 that

139 3736 255 3798 homagio
274 3738 384 3784 omnium
406 3735 505 3784 illorum
526 3735 598 3783 nobis
624 3732 655 3780 he
667 3737 724 3780 sent
734 3731 776 3779 the
787 3730 840 3780 earl
852 3729 881 3777 of
888 3730 1020 3789 Salisbnry
1032 3731 1082 3777 aud

138 3805 257 3853 exhibitis
267 3801 286 3864 ;'
303 3805 364 3855 ibid.
375 3820 401 3866 p.
415 3809 471 3853 14⁵.
623 3816 639 3849 a
648 3800 748 3849 brother
757 3801 786 3848 of
794 3800 903 3858 Hubert,
909 3798 993 3846 whom
1006 3799 1083 3848 bouis

623 3869 675 3917 bad
697 3868 782 3918 before
805 3868 882 3916 taken
904 3868 1041 3928 prisonem,
1058 3871 1084 3916 to

173 3937 413 4001 'AtLodowieuaJ
435 3938 489 3986 The
507 3937 598 3987 Cotton
623 3952 669 3986 use
697 3937 762 3985 their
789 3936 912 3984 influente
935 3935 996 3983 vvith
1022 3936 1083 3985 him.

138 4009 195 4059 MS.
212 4008 241 4056 of
256 4009 321 4057 Mat.
336 4009 411 4056 Paris
429 4007 599 4056 hasadiffer-
622 4007 677 4055 ‘l'he
700 4005 789 4066 result,
817 4004 943 4066 however,
964 4018 1020 4052 vvae
1041 4003 1084 4053 the

137 4084 180 4126 ent
204 4083 312 4127 account
331 4076 361 4125 of
380 4077 422 4125 the
445 4081 550 4136 attempt
574 4074 603 4123 of
624 4089 706 4133 same;
727 4088 770 4124 see
787 4075 849 4124 Ver.
866 4073 937 4125 nect.
952 4074 1033 4137 Wats,
1051 4074 1085 4124 td

139 4148 216 4197 Louie
232 4154 258 4196 to
275 4147 348 4207 bring
371 4161 431 4194 over
450 4146 551 4194 Hubert
567 4143 599 4193 de
623 4160 650 4206 p.
663 4147 720 4193 288.
965 4214 981 4259 ²

933 4223 948 4258 n
