2978 4996
411 428 433 488 4
666 442 797 490 aocnru
823 443 869 488 oa
892 441 1099 490 wauoovna

251 616 376 658 consu.
415 597 576 660 Huberto
594 598 636 662 de
655 598 786 679 Burgo,
809 599 1022 662 Doverensis
1045 598 1150 661 castri
1174 599 1361 662 constabu-

414 697 514 772 lario,
531 696 574 759 ad
590 716 688 759 suum
704 698 911 779 colloquium
929 706 1066 772 vocato,
1082 698 1173 760 dixit
1186 699 1230 773 ei,
1253 703 1262 730 ‘
1281 697 1362 760 Rex

415 794 594 859 Johannes
623 797 781 859 dominus
807 804 888 860 tuus
915 806 1071 860 mortuus
1095 804 1161 871 est,
1183 814 1246 858 nec
1267 795 1362 859 valet

415 895 478 956 tibi
504 901 654 959 castrum
678 894 744 958 hoc
766 902 888 958 contra
910 914 964 958 me
987 894 1116 958 diutius
1134 903 1262 968 tenere,
1283 913 1361 956 cum

416 1012 485 1055 non
510 991 638 1056 habeas
667 992 905 1072 defensorem
939 992 1043 1056 redde
1070 1013 1154 1074 ergo
1181 991 1361 1056 castellum

416 1091 499 1153 mibi
524 1099 559 1154 et
581 1091 624 1155 ad
652 1091 853 1156 fidelitatem
871 1111 982 1155 meam
1003 1093 1094 1168 veni,
1115 1099 1151 1155 et
1176 1111 1242 1172 ego
1264 1110 1362 1172 mag-

416 1190 469 1252 nis
494 1188 682 1254 honoribus
702 1198 736 1254 te
763 1191 881 1254 ditabo
907 1197 1012 1271 atque
1034 1192 1126 1253 inter
1146 1190 1362 1253 consiliarios

416 1307 511 1351 meos
533 1307 680 1368 magnus
697 1289 790 1352 eris!
835 1287 900 1351 Cui
921 1288 1103 1351 Hubertus
1120 1288 1236 1351 taliter
1254 1287 1363 1350 fertur

416 1386 646 1474 respondisse,
669 1387 730 1450 ‘Si
750 1386 908 1451 dominus
926 1405 1023 1449 meus
1043 1393 1200 1448 mortuus
1219 1393 1285 1462 est,
1302 1386 1363 1448 ba-

416 1484 475 1546 bet
494 1483 584 1547 filios
606 1492 642 1547 et
665 1484 766 1561 filias,
788 1484 847 1566 qui
868 1485 900 1548 ei
921 1484 1103 1546 succedere
1130 1484 1276 1561 debent;
1300 1484 1361 1548 scd

416 1589 452 1645 et
481 1581 524 1645 de
560 1582 704 1646 castello
736 1582 910 1646 reddendo
945 1601 1022 1645 cum
1060 1582 1225 1645 militibus
1259 1584 1362 1646 sociis

416 1680 502 1743 meis
518 1679 644 1744 habere
657 1680 737 1744 volo
753 1681 962 1762 colloquium
972 1680 1000 1757 ;’
1022 1680 1141 1762 sicque
1157 1681 1193 1742 in
1209 1689 1360 1744 castrum

416 1798 575 1843 reversus
608 1779 774 1844 indicavit
805 1781 907 1844 sociis
939 1781 1045 1843 verba
1084 1779 1271 1854 Lodowici,
1302 1782 1361 1862 qui

416 1877 452 1939 in
470 1875 535 1940 hoc
557 1879 686 1959 pariter
707 1885 953 1943 consenserunt
975 1879 1109 1956 inclusi,
1125 1885 1165 1941 ut
1182 1872 1362 1942 castellnm

418 1975 602 2040 Lodowico
626 1985 823 2058 negaretur,
846 1997 888 2040 ne
913 1976 998 2040 illud
1020 1977 1167 2057 turpiter
1189 1977 1362 2040 reddendo

416 2083 534 2138 notam
557 2076 761 2157 proditionis
785 2077 1010 2139 incurrerent,
1063 2074 1166 2153 Quod
1191 2095 1269 2138 cum
1292 2075 1361 2138 Lo·

416 2172 548 2236 dowico
569 2181 605 2236 et
622 2174 809 2237 baronibus
831 2174 1027 2237 nuntiatum
1048 2173 1181 2248 suisset,
1202 2173 1362 2237 decreve-

416 2278 498 2333 runt
526 2272 661 2334 minora
696 2291 758 2353 per
790 2271 950 2354 Angliam
986 2272 1130 2335 castella
1162 2272 1362 2354 subjugare,

415 2375 467 2443 ut,
489 2368 675 2433 levioribus
704 2370 870 2445 subactis,
893 2369 1117 2451 confugerent
1139 2370 1181 2432 ad
1206 2371 1361 2452 majora3

415 2465 572 2548 denique,
596 2467 773 2531 obsidione
795 2468 922 2545 soluta,
949 2469 992 2531 ad
1022 2468 1140 2530 urbem
1164 2468 1361 2532 Londonia·

415 2583 490 2626 rum
512 2572 594 2628 sunt
617 2567 753 2628 reversi.
806 2567 873 2630 Sed
897 2567 1062 2630 continuo
1083 2572 1164 2647 post
1188 2584 1360 2630 recessum

415 2681 531 2725 eorum
555 2663 693 2740 milites,
719 2665 778 2746 qui
808 2673 908 2729 erant
928 2666 964 2728 in
992 2663 1223 2745 [defensione]
1254 2667 1359 2729 castri

414 2763 606 2838 memorati,
648 2770 817 2827 exeuntes
860 2764 1121 2826 combusserunt
1165 2763 1285 2826 domos
1326 2771 1361 2826 et

414 2859 572 2937 aedificia,
591 2880 668 2942 quae
686 2869 767 2924 ante
784 2868 934 2924 castrum
955 2860 1159 2923 Lodowicus
1177 2869 1361 2924 construx-

414 2966 501 3033 erat,
524 2959 631 3021 etsie
656 2979 718 3040 per
740 2959 952 3038 provinciam
976 2957 1147 3022 hostiliter
1169 2959 1361 3022 discurren-

414 3062 467 3117 tes
501 3063 652 3118 castrum
689 3074 789 3118 suum
826 3056 985 3119 omnibus
1022 3057 1124 3120 rebus
1157 3058 1359 3121 necessariis

412 3152 542 3233 optime
565 3153 772 3216 munierunt.

499 3322 548 3385 De
563 3320 714 3387 obsidium
728 3332 755 3386 et
770 3324 910 3408 ceptione
925 3323 1043 3389 castelli
1057 3325 1095 3388 de
1109 3325 1272 3409 Hertford.

464 3443 533 3507 His
559 3446 609 3508 ita
636 3447 756 3527 gestis,
780 3446 986 3510 Lodowicus
1012 3449 1049 3510 in
1073 3450 1226 3511 crastino
1248 3452 1360 3513 sancti

415 3542 558 3606 Martini
590 3564 668 3607 cum
702 3545 856 3609 exercitu
889 3548 1029 3628 copioso
1061 3547 1104 3609 ad
1136 3547 1359 3628 municipium

369 3633 375 3645 ’
412 3641 455 3704 de
476 3641 642 3706 Hertford
668 3645 870 3725 perveniens
889 3645 974 3706 illud
1000 3645 1177 3706 obsidione
1201 3644 1358 3722 vallavit,

412 3741 603 3823 erectisque
637 3742 673 3803 in
710 3762 833 3825 gyrum
870 3742 1038 3804 machinis
1071 3742 1205 3804 castelli
1243 3763 1359 3809 muros

412 3841 611 3904 subvertere
634 3840 827 3917 nitebatur3
855 3840 916 3903 sed
933 3838 1112 3903 Walterus
1134 3840 1176 3904 de
1199 3840 1359 3906 Godard·

415 3937 508 4013 villa,
541 3939 638 4001 miles
666 3939 710 4002 de
744 3938 875 4002 familia
913 3936 1076 4013 Falcasii,
1102 3938 1156 4001 vir
1186 3949 1360 4017 strenuus,

411 4054 489 4097 cum
537 4037 609 4099 suis
655 4038 945 4101 commilitonibus
992 4036 1183 4101 defensioni
1232 4058 1360 4103 vacans

410 4133 555 4197 multam
579 4154 623 4196 ex
649 4134 844 4216 Galligenis
868 4144 1020 4217 stragem
1046 4136 1139 4200 secit.
1192 4136 1361 4216 Tandem,
