2978 4996
373 439 418 503 78
622 453 755 501 noernr
782 452 828 499 nn
851 452 1062 501 wnunovnn

209 627 343 717 Ine-333&
373 623 489 694 gatus,
510 621 672 696 totusque
697 614 871 677 exercitus
898 612 1130 688 Christianus
1160 619 1231 676 tam
1261 634 1324 696 per

211 727 335 767 nemum
373 714 516 777 fluvium
542 733 645 795 quam
670 733 731 795 per
761 721 888 776 terram
914 713 1071 776 ordinate
1098 713 1324 793 procedentes

210 777 234 814 el
240 777 276 816 the

209 826 351 925 mm
371 812 576 876 invenerunt
592 812 794 889 Soldanum,
816 820 949 876 etcum
972 831 1013 875 eo
1030 810 1187 875 inimicos
1209 814 1323 876 crucis

210 925 277 965 orne
371 912 581 989 innumeros,
594 913 655 976 sed
673 920 789 975 tamen
806 919 888 975 ante
904 911 1026 974 faciem
1043 911 1119 994 ejus
1137 910 1323 992 fugientes,

210 975 320 1015 eruendam

208 1025 316 1113 ἔιῑὶοιτιιιοἴ
371 1011 490 1093 sicque
511 1031 709 1093 processum
732 1011 874 1074 estsine
896 1010 1021 1074 damno
1043 1010 1152 1073 donec
1174 1029 1322 1092 perven-

211 1084 325 1163 ὄιιιῗιῖῗιι
372 1117 445 1173 tum
454 1110 520 1173 suit
528 1110 573 1174 ad
586 1111 736 1175 tentoria
745 1109 900 1185 Soldani,
912 1108 1051 1172 flumine
1066 1116 1181 1172 tamen
1197 1109 1323 1187 medio,

370 1209 462 1289 quod
484 1210 641 1291 nequivit
661 1209 835 1274 exercitus
857 1209 1088 1290 pertransire3
1112 1208 1172 1272 sed
1192 1208 1227 1271 in
1243 1209 1322 1290 ripa

371 1308 522 1372 fluminis
537 1308 614 1372 lixit
623 1309 785 1384 tentoria,
797 1326 997 1389 praeparans
1006 1313 1130 1389 pontes
1142 1307 1186 1371 ad
1196 1307 1323 1371 sacien-

370 1405 452 1469 duni
462 1408 647 1471 transitum
659 1407 918 1485 edSoldanum3
939 1406 1057 1488 itaque
1067 1406 1194 1471 flumen
1203 1406 1321 1488 Taph-

370 1524 465 1581 neos,
481 1524 503 1568 a
515 1525 642 1587 magno
658 1506 798 1569 flumine
814 1505 888 1568 Nili
908 1525 945 1568 se
962 1505 1135 1582 derivans,
1155 1525 1177 1569 a
1198 1507 1322 1570 castris

371 1602 513 1667 Soldani
532 1623 594 1668 nos
622 1605 809 1686 separavit.
861 1604 1018 1686 Cumque
1040 1604 1166 1666 ibidem
1190 1623 1323 1668 moram

369 1701 571 1780 faceremus,
595 1710 809 1768 recesserunt
830 1705 874 1766 ab
898 1704 1053 1766 exercitu
1069 1703 1169 1766 multi
1184 1723 1252 1766 non
1277 1704 1320 1767 li·

370 1802 524 1879 centiati,
545 1802 596 1866 ita
618 1802 710 1886 quod
736 1803 772 1866 in
793 1802 910 1867 decem
933 1802 1084 1865 millibus
1106 1808 1318 1866 armatorum

369 1900 573 1983 etamplius
597 1901 663 1965 fuit
688 1902 861 1965 exereitus
882 1900 1083 1966 diminutus.
1145 1900 1319 1966 Soldanus

369 1999 504 2064 interim
528 2020 591 2083 per
609 2000 739 2064 vallum
759 2000 951 2082 antiquitus
974 2001 1102 2064 laetum
1126 1999 1257 2080 galeias
1284 2010 1321 2066 et

368 2099 536 2178 gudenes,
554 2099 638 2163 Nilo
652 2107 837 2175 crescente,
855 2099 948 2162 misit
963 2100 998 2162 in
1013 2098 1140 2162 flumen
1154 2098 1197 2162 nd
1211 2099 1320 2181 impe·

368 2198 529 2261 diendum
553 2199 727 2279 navigium
750 2204 917 2274 nostrum,
936 2218 979 2261 ne
995 2199 1094 2262 nobis
1110 2197 1320 2262 victualibus

368 2296 543 2361 destitutis
564 2317 586 2360 a
602 2297 765 2361 Damieta
784 2298 939 2360 venirent
961 2298 1137 2372 alimenta,
1158 2315 1236 2360 cum
1258 2318 1320 2380 per

369 2403 509 2472 terrum,
538 2395 797 2477 prohibentibus
824 2396 1016 2473 Saracenis
1042 2396 1159 2460 venire
1180 2396 1318 2460 minime

369 2495 573 2574 potuissent.
607 2494 802 2559 Intercluso
814 2496 933 2578 itaque
944 2497 1002 2558 via
1013 2503 1084 2558 tam
1098 2504 1199 2557 terrai
1214 2514 1318 2576 quam

368 2592 518 2657 fluminis
540 2594 584 2657 ad
616 2595 810 2658 necessaria
843 2594 942 2659 nobis
970 2592 1164 2668 deferenda,
1194 2593 1315 2659 habuit

367 2693 548 2757 consilium
573 2695 746 2758 exercitus
766 2692 808 2757 de
832 2693 944 2757 reditu
961 2693 1140 2770 l'nciendo;
1171 2692 1232 2756 sed
1249 2693 1317 2758 lra-

369 2798 438 2855 tres
447 2793 601 2869 Soldani,
613 2792 745 2875 Seraph
761 2792 893 2856 scilicet
906 2800 942 2856 et
953 2791 1159 2868 Coradinus,
1175 2792 1316 2857 Soldani

367 2889 504 2974 Alapiae
526 2899 562 2956 et
582 2893 758 2967 Damasci,
779 2900 884 2973 atque
904 2890 1046 2955 Soldani
1067 2890 1139 2967 alii,
1163 2891 1315 2962 Gamelae

367 2990 528 3055 videlicet
552 2998 587 3054 et
607 2991 748 3054 Haman
776 2999 811 3054 et
838 2990 1037 3066 Collanbar‚
1066 3008 1144 3053 cum
1176 2991 1315 3070 regibus

367 3106 581 3167 paganorum
612 3089 872 3171 quamplurimis
898 3096 934 3152 et
957 3087 1176 3152 multitudine
1205 3108 1314 3170 paga-

368 3204 502 3263 norum,
523 3187 582 3268 qui
604 3186 640 3250 in
660 3188 736 3271 ejus
761 3189 951 3252 subsidium
971 3188 1195 3263 advenerant,
1216 3189 1315 3252 nobis

367 3284 514 3348 reditum
529 3285 757 3367 denegabant.
798 3287 981 3351 Exercitus
998 3295 1112 3350 tamen
1131 3294 1260 3363 noster,
1272 3288 1315 3351 de

367 3391 468 3448 nocte
489 3385 651 3449 recedens
673 3406 734 3468 per
751 3387 876 3449 flumen
897 3393 932 3450 et
954 3406 1015 3467 per
1038 3393 1176 3462 terram,
1196 3387 1314 3449 amisit

367 3483 533 3548 victualia
550 3504 628 3567 quae
645 3487 777 3549 ferebat
796 3487 832 3550 in
849 3485 988 3549 flumine
1004 3490 1040 3546 et
1054 3484 1210 3548 homines
1228 3486 1316 3548 mul-

367 3587 437 3660 tos;
461 3584 554 3665 quia,
569 3591 790 3648 excrescente
803 3584 898 3661 Nilo,
910 3584 1082 3648 Soldanus
1094 3583 1176 3646 fecit
1187 3602 1313 3664 aquam

365 3680 512 3746 derivari
526 3703 589 3764 per
601 3691 735 3746 meatus
749 3683 902 3747 occultos
917 3691 951 3747 et
965 3683 1104 3746 canales
1116 3681 1313 3765 rivulosque

364 3781 556 3863 antiquitus
586 3782 793 3845 constitutos
826 3782 871 3845 ad
897 3781 1153 3863 impediendum
1179 3801 1313 3863 regres-

364 3897 440 3941 sum
456 3880 576 3962 populi
593 3879 792 3944 Christiani.
845 3880 933 3944 Cum
950 3881 1058 3961 igitur
1073 3881 1109 3942 in
1128 3880 1313 3962 paludibus

361 3980 577 4055 summarios
600 3979 838 4062 supellectilia,
866 3979 1025 4054 clitellas,
1053 3998 1243 4061 currusque
1271 3999 1311 4043 ac

362 4078 564 4141 omniafere
581 4080 774 4142 necessaria
791 4080 962 4142 exereitus
978 4077 1109 4142 Christi
1127 4078 1312 4155 emisisset,

361 4193 424 4237 nec
446 4175 539 4239 ultra
560 4178 744 4259 procedere
764 4177 819 4241 rel
846 4177 971 4243 reverti
1000 4185 1061 4241 aut
1085 4176 1211 4242 alicubi
1231 4197 1313 4242 con·
