2978 4996
373 451 438 517 186
632 468 768 515 socam
792 468 840 514 nn
863 466 1071 515 wnunovrr

208 638 337 728 w
372 623 415 686 de
435 631 511 687 rato
531 623 728 700 eorundem,
747 632 816 687 tam
837 625 929 704 regis
949 641 1053 705 quam
1070 623 1322 704 episcoporum,

210 738 333 777 ιιιιιιω
372 723 407 784 in
430 723 559 786 domini
587 743 687 806 papae
712 724 897 805 praesentia
924 722 1128 786 exhibentes
1152 740 1321 803 proposu-

209 789 246 826 tbe
255 788 323 826 moi

208 838 344 886 cuntem
373 829 474 884 erunt
494 823 538 885 de
562 824 730 903 magistro
757 816 964 898 ¹Richardo,
989 821 1242 885 Lincolniensis
1267 839 1322 884 ec·

372 920 487 983 clesiae
506 922 725 996 cancellario,
747 921 839 1003 quod
861 929 953 984 esset
973 921 1027 984 vir
1048 919 1231 984 eminentis
1252 920 1318 982 sci-

371 1021 474 1083 cntiae
499 1028 535 1083 et
556 1020 746 1084 literaturae
776 1039 817 1084 ac
848 1020 1122 1083 conversationis
1152 1018 1320 1094 honestae,

371 1118 532 1200 quodque
558 1128 628 1183 tam
660 1119 815 1183 ecclesiae
847 1119 1015 1183 Romanae
1050 1137 1154 1200 quam
1187 1117 1262 1198 regi
1283 1125 1318 1181 et

371 1237 477 1298 regno
502 1217 639 1299 Angliae
661 1227 753 1282 esset
776 1239 845 1282 non
867 1218 1085 1282 mediocriter
1106 1217 1317 1292 fructuosus,

370 1325 476 1397 atque
502 1317 613 1380 modis
638 1319 796 1381 omnibus
820 1337 935 1381 coram
961 1317 1100 1381 domino
1125 1335 1219 1398 papa
1242 1315 1318 1398 ejus

369 1434 551 1496 personam
591 1417 870 1480 commendantes
907 1416 1037 1480 dictum
1081 1434 1209 1497 papam
1247 1423 1318 1477 tra·

370 1513 458 1578 hunt
474 1534 552 1578 cum
574 1517 649 1579 suis
671 1516 905 1579 cardinalibus
930 1516 972 1578 ad
997 1533 1225 1591 consensum3
1253 1513 1317 1577 sio

370 1632 438 1694 que
466 1622 657 1678 memorato
684 1614 861 1679 Richardo
889 1634 958 1679 non
984 1614 1095 1678 electo
1118 1614 1163 1677 ad
1187 1611 1317 1676 archie-

369 1713 600 1796 piscopatum,
624 1707 703 1777 'sed
730 1713 826 1790 dato,
851 1712 1010 1776 dominus
1031 1732 1124 1794 papa
1148 1711 1316 1792 suffraga-

370 1813 444 1874 neis
462 1811 723 1877 Cantuariensis
748 1812 902 1876 ecolesiae
923 1812 1042 1876 literas
1060 1812 1096 1874 in
1117 1810 1191 1875 haec
1211 1811 1317 1875 verba

369 1909 517 1990 direxit3
548 1911 764 1994 ‘Gregorius
793 1912 987 1994 episcopus,
1012 1919 1048 1975 et
1067 1919 1205 1974 caetera.
1260 1910 1315 1974 Ex

369 2012 552 2074 commissa
571 2013 671 2075 nobis
689 2031 711 2075 a
728 2012 880 2075 Domino
898 2029 982 2074 cura
999 2010 1183 2093 pastoralis
1200 2009 1315 2085 officii,

369 2117 404 2172 et
421 2129 597 2186 concessa,
620 2110 701 2174 licet
721 2110 913 2185 immeritis,
939 2109 1151 2191 plenitudine
1175 2109 1315 2172 ecclesi·

370 2210 489 2271 asticae
513 2209 709 2290 potestatis,
736 2209 892 2289 cogimur
909 2207 1130 2271 ecclesiarum
1151 2208 1316 2283 omnium,

369 2327 430 2388 per
445 2307 682 2388 quotidianam
695 2308 909 2383 instantiam,
927 2307 1191 2371 sollicitudinem
1208 2316 1244 2371 et
1256 2326 1315 2369 cu-

368 2424 442 2467 ram
468 2425 599 2485 gerere,
622 2407 741 2488 eisque
766 2427 844 2470 cum
867 2408 1055 2470 necessitas
1081 2406 1261 2487 ingruerit,
1280 2413 1316 2468 et

369 2523 413 2565 ex
437 2503 585 2585 justitiae
617 2505 732 2569 debito
760 2515 862 2570 etex
891 2506 1013 2586 gratiae
1046 2505 1223 2581 beneficio,
1254 2525 1315 2586 pa-

367 2608 468 2665 terna
483 2603 662 2684 diligentia
680 2605 872 2686 providere.
925 2603 1022 2667 Inter
1038 2612 1183 2667 caeteras
1200 2612 1316 2667 autem

367 2703 593 2783 particulares
625 2704 789 2768 ecclesias
820 2712 855 2767 et
889 2703 1098 2785 metropoles
1136 2705 1315 2767 universas

367 2802 411 2864 ad
435 2801 720 2866 Cantnariensem
743 2802 936 2878 ecclesiam,
963 2809 1127 2882 tanquam
1152 2802 1196 2864 ad
1220 2804 1317 2866 nobi-

367 2899 533 2964 lissimum
554 2903 644 2965 sedis
668 2903 869 2984 apostolicas
887 2903 1090 2977 membrum,
1107 2902 1143 2964 in
1160 2901 1236 2984 ejus
1254 2922 1315 2983 op·

366 3002 636 3082 portunitatibus
669 3002 789 3065 oculos
828 3001 1113 3064 considerationis
1148 3001 1316 3082 expandi-

367 3119 454 3175 mus,
477 3119 581 3180 quam
603 3108 714 3164 mater
731 3099 965 3176 ecclesiarum,
989 3099 1181 3182 apostolica
1203 3100 1314 3176 sedes,

283 3224 285 3228 ·
367 3205 466 3260 tanto
495 3198 687 3279 benigniori
714 3200 816 3264 debet
840 3200 960 3264 favore
987 3200 1160 3281 prosequi,
1183 3211 1314 3279 quanto

366 3315 442 3358 eam
463 3296 553 3359 inter
574 3297 662 3361 alias
682 3299 801 3362 divina
823 3298 1004 3379 dispositio
1025 3299 1060 3361 in
1082 3297 1315 3380 spiritualium

366 3393 578 3474 plenitudine
597 3406 632 3461 et
648 3398 889 3479 temporalium
911 3398 1068 3461 ubertate
1090 3397 1204 3477 gratia
1226 3417 1315 3479 prae·

367 3493 447 3556 tulit
472 3496 643 3578 ampliori.
712 3496 817 3561 Hanc
841 3498 968 3559 etenim
997 3497 1093 3560 velut
1117 3495 1315 3576 paradisum

400 3672 566 3744 micturus]
584 3678 615 3727 In
632 3679 674 3726 the
691 3679 827 3740 Waverley
852 3678 908 3727 that
919 3693 978 3727 ever
988 3678 1031 3727 the
1042 3693 1108 3739 pope
1116 3678 1175 3727 took
1184 3693 1253 3739 upon
1264 3678 1314 3727 hirn

368 3748 465 3795 Annals
478 3749 589 3795 isanote
599 3753 624 3795 to
632 3748 674 3796 the
684 3749 756 3796 effect
763 3750 827 3806 that,
852 3753 878 3796 ιο
895 3749 1030 3808 nominate,
1040 3747 1149 3795 without
1165 3762 1181 3795 a
1197 3749 1314 3809 previous

366 3817 429 3864 until
439 3816 489 3864 this
497 3817 648 3876 individua}
655 3832 688 3865 no
696 3824 747 3865 two
756 3818 828 3866 arch
852 3817 958 3865 electiori
982 3817 1015 3876 by
1035 3816 1078 3864 the
1100 3823 1207 3865 convent
1229 3832 1258 3866 or
1279 3819 1316 3866 bi-

367 3886 510 3947 bishopsol
519 3885 740 3948 Canterburyhad
751 3888 827 3936 borne
853 3886 1186 3946 numerositates.
1222 3887 1315 3936 lnthe

366 3955 407 4002 the
420 3970 488 4002 same
500 3969 595 4003 names.
631 3956 685 4003 The
698 3970 828 4006 successor
853 3954 986 4004 Chronicle
997 3955 1026 4003 oi
1035 3955 1178 4003 Dunstable
1189 3957 1240 4004 itis
1251 3956 1316 4016 said,

365 4024 394 4071 ol
404 4024 501 4072 Becket
511 4039 565 4071 was
575 4024 616 4072 the
628 4025 680 4072 first
690 4025 810 4075 Richard.
852 4024 916 4084 that,
924 4024 966 4072 the
975 4024 1082 4072 election
1093 4023 1122 4071 of
1132 4024 1228 4073 Walter
1239 4026 1314 4087 being

400 4090 471 4140 ²Srd
488 4094 566 4155 duta]
588 4094 686 4154 Tyrrell
707 4095 829 4154 remarks,
853 4093 972 4142 declared
999 4094 1067 4154 void,
1093 4093 1135 4141 the
1163 4094 1253 4143 monks
1276 4094 1314 4143 ior

366 4161 419 4209 that
440 4162 490 4208 this
508 4177 563 4209 was
583 4178 599 4211 a
618 4179 675 4212 now
695 4164 829 4213 encroacb·
853 4162 974 4211 thatturn
985 4164 1036 4213 had
1046 4165 1095 4212 lost
1103 4163 1168 4212 lhcrr
1175 4165 1313 4226 privilege,

365 4236 441 4290 nictit,
466 4230 515 4278 and
539 4231 581 4278 the
604 4234 657 4280 first
679 4233 829 4294 arcbbishop
854 4247 880 4293 p.
894 4236 949 4282 186.
