2978 4996
276 637 331 677 ab.
342 636 398 673 trau.

277 685 403 734 Expedltlun
464 721 471 733 ,

274 737 320 774 into
330 734 375 773 llrl·

276 792 349 833 tantry.

433 448 499 513 210
687 460 820 509 noonru
845 460 892 507 on
916 458 1121 508 wnuoovnu

437 622 616 702 copiosum
634 619 749 696 valde,
768 619 918 683 omnium
941 617 1101 683 videlicet
1116 616 1283 681 nobilium
1306 637 1384 699 reg-

439 741 485 796 ni,
506 720 566 802 qui
589 719 655 782 sibi
677 719 847 783 debebant
865 719 1043 782 servitium
1066 716 1227 791 militare,
1244 724 1281 781 et
1297 716 1383 781 alio·

439 840 514 883 rum
537 818 834 882 innumerabilium
856 837 901 881 ex
923 817 1121 898 regionibus
1141 816 1303 893 diversis,
1326 816 1384 896 qui

440 919 519 982 inde
547 925 664 982 castra
692 936 833 981 movens
860 915 905 979 ad
938 923 1076 997 portum
1103 914 1146 979 de
1177 913 1384 978 Portesmne

439 1018 550 1100 pridie
575 1016 741 1080 kalendas
763 1016 849 1079 Maii
871 1034 949 1078 cum
979 1014 1142 1078 universa
1162 1013 1384 1077 multitudine

440 1137 505 1180 sna
525 1135 632 1181 naves
649 1114 817 1179 ascendit.
870 1113 949 1177 Rex
972 1122 1101 1188 autem,
1117 1113 1384 1197 procurantibus

441 1217 557 1279 nautis
571 1216 655 1293 suis,
671 1209 723 1277 ¹in
737 1213 921 1277 Britannia
937 1211 1106 1294 applicuit
1119 1212 1210 1294 apud
1224 1219 1386 1275 sanctum

442 1314 622 1378 Manloum
645 1313 766 1395 quintu
787 1330 898 1375 nonas
920 1311 1033 1390 Maii;
1061 1310 1160 1375 multi
1181 1329 1320 1394 quoque
1341 1311 1384 1374 de

441 1413 596 1477 exercitu
619 1432 732 1492 regem
758 1411 856 1493 sequi
881 1430 950 1474 non
973 1410 1130 1474 valentes
1150 1409 1297 1475 diversis
1323 1429 1385 1491 ap·

440 1512 637 1591 plicuerunt
653 1510 688 1573 in
709 1510 808 1587 locis,
825 1510 898 1587 aed,
918 1509 995 1573 Deo
1016 1508 1051 1572 id
1069 1515 1288 1590 procurante,
1306 1509 1386 1572 abs-

441 1629 508 1691 que
540 1609 682 1673 laesione
716 1629 758 1672 ac
787 1628 901 1672 rerum
933 1608 1160 1672 diminutione
1192 1627 1312 1673 omnes
1340 1607 1385 1670 ad

440 1727 555 1789 regem
574 1708 610 1770 in
630 1708 813 1772 Britannia
835 1715 1076 1789 pervenerunt.
1127 1706 1251 1771 Comes
1268 1713 1386 1771 autem

442 1806 633 1871 Britanniae
653 1826 769 1889 regem
794 1814 991 1871 reverenter
1010 1814 1138 1871 etcum
1159 1805 1291 1871 honore
1306 1824 1385 1869 sus·

441 1906 571 1990 cipicns
597 1906 740 1971 tradidit
766 1906 798 1969 ei
828 1905 1017 1988 municipia
1049 1905 1199 1988 regionis
1230 1905 1325 1968 illius
1351 1911 1387 1969 et

441 2006 598 2084 castella,
630 2005 830 2086 nobilesque
864 2005 1056 2069 Britanniae
1089 2004 1190 2068 multi
1227 2004 1271 2067 ad
1307 2022 1385 2068 eum

441 2106 617 2170 venientes
658 2105 820 2185 homagia
859 2102 1015 2168 fecerunt
1053 2111 1090 2166 ct
1118 2102 1319 2168 fidelitatem
1354 2104 1385 2167 ei

438 2204 669 2287 juraverunt3
698 2196 876 2266 ²Andreas
903 2210 1019 2266 tamen
1045 2202 1088 2266 de
1114 2201 1240 2279 Viteri,
1266 2201 1387 2266 etalii

442 2303 506 2364 viri
538 2301 670 2365 nobiles
701 2301 815 2382 pauci,
847 2301 893 2365 ad
922 2301 1124 2366 fidelitatem
1149 2302 1240 2383 regis
1266 2301 1385 2365 venire

440 2406 698 2463 contemnentes
732 2400 931 2464 munierunt
964 2408 1079 2465 castra
1113 2419 1178 2464 sua
1211 2400 1385 2464 alimentis

441 2505 476 2560 et
496 2498 540 2560 ad
560 2518 712 2579 pugnam
733 2499 878 2563 viriliter
900 2518 976 2563 sese
998 2500 1252 2582 praeparabant.
1306 2498 1387 2563 Rex

441 2603 557 2661 autem
584 2598 809 2675 Francorum,
837 2618 914 2663 cum
943 2599 985 2662 de
1015 2598 1167 2664 adventu
1194 2598 1287 2681 regis
1312 2597 1387 2662 An·

441 2697 577 2777 glurum
602 2697 841 2762 certitudinem
867 2696 1055 2775 didicisset,
1078 2698 1304 2780 congregavit
1325 2718 1388 2762 ex·

441 2796 585 2861 ercitum
608 2797 709 2861 valde
734 2797 925 2878 copiosum,
953 2805 1058 2879 atque
1087 2798 1297 2862 micantibus
1325 2816 1389 2861 un-

441 2895 545 2979 dique
569 2896 678 2961 scutis
706 2905 742 2960 et
761 2894 899 2960 vexillis
928 2895 973 2959 ad
994 2895 1284 2979 Andagavensem
1310 2916 1389 2980 pcr-

476 3100 661 3151 ¹lnBritouuiu
668 3101 809 3166 applicuit]
822 3102 902 3151 lntlre
962 3099 1093 3152 ‘Andreae
1103 3106 1183 3151 tamea
1193 3104 1223 3152 de
1237 3103 1342 3168 Vitari]
1358 3104 1389 3153 ln

441 3172 567 3220 chronicle
583 3170 611 3218 ol
624 3172 738 3220 William
759 3172 788 3220 ol
802 3172 902 3234 Naugia
926 3171 969 3221 tbe
980 3172 1093 3220 Annales
1109 3167 1284 3236 d’Aquitaine‚
1296 3175 1391 3224 Robert

442 3245 493 3288 two
505 3240 638 3287 rebellione
648 3239 678 3287 ol
686 3241 727 3288 the
739 3241 792 3289 eurl
803 3240 832 3288 ol
846 3242 903 3289 Bri·
927 3242 959 3290 de
973 3239 1056 3301 Vitre,
1074 3241 1175 3290 brother
1190 3242 1221 3290 oi
1237 3243 1279 3292 the
1296 3245 1349 3293 carl
1364 3244 1393 3293 os

442 3309 903 3373 tannyarerecorded,tbeonein1228,
928 3312 1061 3371 Britanny,
1071 3311 1094 3358 ia
1110 3312 1254 3360 mentioned
1264 3326 1295 3361 aa
1306 3328 1354 3363 oue
1364 3312 1393 3364 ol

442 3378 485 3426 the
501 3378 573 3425 other
588 3378 614 3424 in
626 3378 668 3425 the
684 3378 815 3441 following
831 3395 901 3441 year.
927 3380 969 3429 the
987 3381 1103 3441 generula
1120 3380 1149 3428 os
1161 3380 1204 3428 the
1220 3396 1293 3443 army
1307 3383 1390 3432 raised

443 3448 473 3495 In
486 3447 527 3495 the
539 3448 592 3495 first
602 3447 632 3495 ol
639 3446 710 3496 these
728 3449 903 3510 Henryiare·
927 3450 961 3511 by
981 3449 1094 3498 Blancbe
1115 3450 1217 3511 against
1234 3451 1278 3500 the
1297 3453 1389 3511 rebels,

442 3517 531 3578 ported
542 3522 566 3565 to
577 3517 641 3565 have
656 3518 759 3567 croseed
769 3523 795 3567 to
806 3518 846 3567 hia
863 3533 903 3567 as·
927 3519 970 3568 lol.
979 3522 1020 3567 tt.
1048 3518 1103 3567 The
1111 3518 1197 3568 letters
1204 3519 1235 3567 oi
1238 3521 1391 3571 submissius

442 3589 561 3647 aiatance,
571 3588 627 3647 but,
638 3585 734 3650 finding
743 3587 786 3635 the
806 3588 902 3636 Frenclr
927 3592 953 3636 to
969 3588 1012 3636 tbe
1028 3587 1091 3650 iring
1108 3589 1142 3648 by
1153 3589 1276 3653 Andrew,
1293 3591 1392 3640 declar-

442 3657 504 3720 king
523 3663 564 3704 too
582 3660 668 3717 strong
685 3654 723 3704 sor
740 3656 802 3717 him,
826 3659 901 3705 ‘cum
927 3658 971 3719 ing
987 3656 1042 3706 that
1058 3657 1091 3706 lte
1107 3657 1161 3705 will
1181 3673 1266 3720 never,
1283 3660 1391 3710 without

441 3728 537 3787 pudore
553 3730 578 3773 ct
594 3725 731 3786 ignominia
745 3739 833 3774 verona
850 3727 904 3774 An-
928 3726 970 3774 the
994 3726 1080 3788 king’s
1102 3733 1216 3788 consent,
1241 3733 1314 3778 enter
1340 3731 1392 3778 into

441 3797 528 3857 gliam‚
543 3809 627 3856 regem
643 3795 758 3843 Francia
774 3795 903 3855 pertimeo·
927 3811 977 3857 any
994 3796 1159 3857 composition
1180 3796 1244 3846 with
1260 3798 1304 3848 the
1330 3799 1391 3861 king

440 3859 902 3927 cena,vetocitertranstreuvit;’ttec.
927 3865 955 3913 ol
969 3865 1086 3927 England
1102 3880 1131 3914 or
1147 3867 1200 3915 carl
1215 3867 1246 3915 us
1261 3868 1393 3932 Britauny,

441 3935 486 3983 dee
504 3935 573 3983 Hist.
593 3949 637 3981 xx.
654 3949 679 3993 p.
700 3937 757 3983 ³16.
791 3933 904 3983 Thoac-
927 3949 970 3983 are
993 3935 1093 3996 printed
1121 3934 1153 3996 by
1180 3935 1392 4000 Martene‚Vett.

440 4002 902 4065 countsot'thiswriterarenotbow·
927 4004 1030 4066 Scriptt.
1054 4005 1140 4066 Ampl.
1159 4003 1267 4056 Collect.
1289 4012 1351 4057 tom.
1373 4009 1391 4056 i.

439 4089 507 4135 ever,
523 4074 600 4121 borne
618 4078 661 4121 out
676 4074 710 4134 by
723 4073 809 4133 public
825 4073 902 4122 docu-
926 4075 975 4123 col.
988 4078 1061 4124 latu.
1089 4074 1304 4134 Tbayaredatad
1315 4077 1393 4138 June,

439 4147 520 4190 monta
530 4157 559 4189 or
570 4147 809 4201 contemporaneum
823 4142 902 4192 bisto-
927 4148 999 4193 128⁰.

439 4225 515 4259 nans.
