2978 4996
476 433 616 482 anonas
640 434 911 483 maronianus.
1104 422 1169 486 137

212 598 384 672 quatenus
402 590 515 672 ipsum
532 591 576 654 ad
593 611 653 655 eos
668 593 785 656 venire
807 591 1001 674 cupientem
1023 592 1170 658 fideliter
1182 615 1237 656 ao.
1249 617 1305 656 aa.

213 690 395 755 admittere
413 689 650 770 dignarentur.

285 862 334 925 Do
349 873 445 926 morte
458 861 615 938 Falconis,
631 871 659 926 ct
671 860 709 925 da
717 862 872 947 prosapia
888 863 995 927 moras
1010 863 1086 948 eysaa

279 986 410 1050 Eodem
434 1005 526 1050 auno
545 985 726 1049 Falcasius
746 987 943 1068 exscriptus
966 989 1010 1050 ab
1030 986 1169 1070 Anglia,
1182 1006 1283 1095 pessunt

216 1086 296 1148 dum
318 1086 477 1149 omnibus
503 1085 653 1166 negotiis
671 1085 707 1147 in
728 1085 824 1149 curia
844 1086 1007 1150 Romana
1029 1057 1305 1169 expedi-sieuisiii‘¹⁸

216 1185 261 1247 tis
277 1185 320 1247 ad
338 1183 504 1265 Angliam
522 1190 723 1265 properaret
741 1185 880 1260 reverti,
899 1184 990 1267 apud
1009 1193 1168 1251 sanctum

217 1282 388 1346 (liriacum
419 1283 527 1346 vitam
550 1282 759 1364 flagitiosam
783 1284 992 1349 terminavit.
1046 1286 1169 1349 Falca-

216 1382 288 1444 sius
299 1381 515 1457 autem,dum
527 1381 639 1445 adbuc
651 1382 783 1446 viveret
793 1382 911 1464 praedo
926 1384 1169 1465 nequissimus,

215 1488 398 1563 postquam
415 1480 534 1544 villam
558 1481 670 1544 sancti
689 1478 816 1544 Albani
837 1481 1021 1546 crudeliter
1039 1485 1168 1566 spolia·

216 1588 325 1656 verat,
348 1580 504 1644 homiues
532 1578 701 1660 quosdam
729 1579 960 1658 interfecerat,
984 1584 1168 1647 nonnullos

215 1680 374 1760 captivos
397 1678 609 1763 abduxerat,
628 1685 662 1742 et
681 1686 752 1741 tam
775 1680 819 1741 ab
842 1680 980 1756 abbate,
1004 1701 1106 1763 quam
1126 1683 1169 1745 do

214 1777 299 1849 villa
309 1785 395 1855 tota,
405 1778 592 1841 maximam
603 1777 758 1859 pecuniae
776 1797 944 1840 summam
960 1786 1168 1857 extorserat,

216 1895 260 1939 ne
282 1876 395 1958 ipsam
417 1877 590 1939 abbatiam
608 1896 687 1940 cum
712 1876 921 1938 monasterio
936 1885 971 1938 et
988 1878 1071 1940 villa
1087 1879 1168 1958 igne

215 1982 461 2051 concremaret,
478 1976 624 2056 contigit
639 1976 753 2056 ipsum
768 1975 860 2055 apud
882 1981 1041 2038 sanctum
1058 1974 1167 2039 Alba·

216 2094 298 2138 uum
314 2095 398 2138 casu
415 2076 544 2151 venire,
563 2083 602 2137 ut
616 2093 693 2137 cum
710 2059 931 2155 Pauduipbo,
950 2072 984 2136 N
988 2075 1166 2139 orwicensi

217 2174 393 2256 episcopo,
423 2162 646 2255 loq‘ueretur3
692 2193 793 2254 quem
820 2192 898 2236 cum
925 2173 1068 2236 vidisset
1095 2176 1167 2256 epi-

213 2292 340 2355 scopus
363 2272 407 2336 ad
430 2292 467 2335 se
483 2272 689 2347 venientem,
712 2271 874 2336 audiente
896 2273 971 2355 ipso
988 2274 1113 2337 abbate
1130 2282 1164 2338 et

215 2373 293 2436 aliis
305 2372 437 2447 multis,
452 2371 615 2452 quaesivit
629 2372 673 2434 ab
690 2389 744 2447 eo,
766 2371 796 2434 si
816 2378 972 2435 sanctum
990 2369 1164 2437 Albanum

215 2472 251 2534 iu
266 2471 382 2552 aliquo
400 2470 608 2534 offendisset.
655 2469 720 2533 Cui
736 2489 814 2533 cum
831 2471 1011 2534 Falcasius
1023 2492 1165 2555 respon-

215 2569 335 2646 disset,
361 2589 399 2633 se
429 2570 463 2632 in
488 2568 583 2632 nullo
606 2576 791 2651 martyrem
815 2569 1009 2644 offendisse,
1032 2571 1166 2635 addidit

215 2670 397 2752 episcopus
413 2667 542 2745 dicens,
558 2667 665 2731 ‘Ideo
691 2668 766 2731 haec
789 2687 811 2731 a
832 2676 867 2731 te
892 2669 1050 2749 quaesivi,
1072 2671 1163 2750 quia,

215 2788 293 2832 cum
316 2787 426 2850 nuper
445 2768 481 2830 in
505 2774 617 2831 stratu
640 2786 716 2830 meo
741 2773 842 2829 nocte
868 2766 1016 2846 quadam
1038 2765 1165 2831 dormi·

214 2887 299 2944 rem,
317 2866 387 2930 vidi
406 2885 469 2948 per
487 2867 659 2929 somnium
677 2884 731 2927 me
749 2882 825 2927 esse
841 2865 877 2926 iu
893 2864 1037 2928 ecclesia
1053 2868 1164 2930 sancti

215 2965 357 3041 Albani,
380 2965 440 3027 ubi
467 2984 544 3029 cum
576 2971 704 3028 starem
730 2970 811 3026 aute
838 2963 952 3047 majus
980 2964 1102 3042 altare,
1128 2976 1165 3031 et

214 3066 309 3129 facta
332 3065 489 3128 oratione
510 3072 603 3127 retro
632 3062 833 3145 aspicerem,
853 3063 924 3126 vidi
949 3071 983 3127 te
1007 3072 1101 3128 stare
1127 3067 1162 3128 in

214 3164 319 3229 choro
336 3163 582 3227 monachorum
598 3182 607 3240 ;
639 3170 686 3238 et,
703 3182 781 3226 cum
806 3163 994 3244 aspicerem
1014 3184 1162 3241 sursum,

213 3264 284 3328 vidi
300 3263 448 3345 lapidem
465 3282 571 3326 unum
597 3261 639 3325 de
657 3261 743 3325 turri
761 3280 923 3342 maguum
941 3271 977 3326 et
995 3264 1162 3345 pondero-

212 3382 289 3426 sum
314 3381 391 3426 oum
412 3368 517 3426 ,tanto
540 3362 671 3443 impetu
697 3360 903 3425 descendere
928 3381 1032 3444 super
1057 3372 1163 3445 caput

213 3468 324 3538 tuum,
346 3460 438 3543 quod
465 3480 543 3525 cum
575 3460 652 3542 ipso
681 3460 795 3542 capite
816 3467 878 3523 tuo
898 3479 1023 3542 corpus
1050 3468 1160 3524 totum

212 3561 388 3637 contrivit,
410 3568 446 3623 et
461 3561 513 3623 ita
529 3560 644 3623 subito
658 3559 831 3623 evanuisti
855 3578 896 3621 ac
921 3560 950 3621 si
977 3561 1012 3621 in
1035 3567 1160 3622 terram

211 3660 388 3724 demersus
404 3658 539 3722 luisses.
578 3657 680 3722 Unde
701 3658 881 3722 consilium
903 3657 965 3720 tibi
982 3657 1038 3732 do,
1056 3658 1158 3737 quod,

209 3759 240 3822 si
265 3758 388 3833 recolis
409 3765 443 3821 te
461 3758 517 3823 vel
535 3757 572 3820 iu
593 3758 733 3820 minimo
759 3762 942 3838 martyrem
966 3754 1160 3832 offendisse,

209 3865 396 3940 antequam
414 3857 504 3938 lapis
521 3876 626 3939 super
644 3863 750 3937 caput
766 3864 864 3919 tuum
882 3853 1080 3930 descendat,
1093 3855 1159 3917 sibi
1280 3874 1283 3882 ·

209 3966 245 4022 et
274 3957 347 4019 suis
372 3957 533 4019 omnibus
559 3955 754 4020 satisfacias
783 3953 1040 4034 competenter!
1091 3952 1158 4016 Sed

209 4058 314 4120 miser
325 4056 383 4119 ille
399 4056 629 4137 postmodum,
644 4076 722 4119 cum
738 4056 782 4119 ab
798 4054 923 4117 abbate
938 4061 974 4116 ot
988 4061 1158 4117 conventu

208 4156 251 4220 de
264 4156 338 4219 suis
355 4156 554 4220 excessibus
571 4155 706 4220 veniam
731 4153 953 4237 postulasset,
976 4151 1158 4219 affirmavit
