2978 4996
575 458 709 506 ROGBRl
738 458 785 504 ΒΕ
808 456 1016 505 wmvoovmt

525 691 574 754 Da
587 688 738 753 miracala
754 689 926 752 Dovoioicae
941 688 1053 751 crucis

116 872 118 876 ,
155 833 278 873 stt-¹21⁷·
369 816 412 881 In
435 818 586 881 crastino
608 822 723 879 autem
743 834 863 879 versus
886 814 1004 877 villam
1028 813 1070 877 de
1094 813 1270 879 Dunesta-

155 883 250 923 ”m
317 916 389 999 plia
405 923 521 980 castra
536 922 727 991 moventes,
749 914 930 977 ecclesiam
944 912 1037 976 beati
1054 912 1268 996 Amphibali,

316 1016 352 1078 in
380 1015 464 1080 villa
493 1014 535 1077 de
567 1013 769 1078 Redbumia
801 1013 916 1089 sitam,
947 1031 1057 1094 usque
1090 1012 1133 1075 ad
1161 1012 1269 1076 femo-

316 1114 404 1177 ralia
434 1112 621 1178 monachos
644 1111 868 1193 spoliabant;
902 1118 1100 1175 sanctorum
1127 1112 1269 1193 insuper

317 1214 480 1295 reliquias
506 1231 610 1293 super
634 1218 793 1274 sanctum
818 1210 928 1272 altare
953 1211 1128 1292 rapientes
1149 1209 1267 1273 funes-

317 1313 446 1375 tiseos
474 1311 632 1374 manibus
664 1308 871 1391 polluerunt.
926 1307 1023 1371 Inter
1049 1327 1137 1390 qnos
1161 1310 1266 1372 etiam

318 1408 458 1491 quidam
477 1427 522 1471 ex
545 1408 594 1470 eis
617 1426 752 1469 crucem
775 1413 975 1487 argenteam
999 1413 1034 1470 et
1052 1407 1267 1485 deauratam,

318 1508 354 1570 in
380 1526 450 1588 qua
476 1507 590 1588 portio
616 1504 776 1587 quaedam
801 1505 994 1568 Dominicae
1017 1506 1129 1569 crucis
1154 1507 1266 1569 conti-

319 1606 477 1681 nebatur,
500 1599 625 1668 tollens
656 1603 691 1666 in
722 1605 799 1666 sinu
825 1620 889 1668 suo
922 1603 1060 1667 funesto
1085 1603 1189 1668 sociis
1214 1605 1267 1685 ig-

319 1705 522 1768 norantibus
549 1701 741 1779 abscondit,
763 1701 835 1779 sed,
858 1710 1044 1784 antequam
1067 1703 1111 1765 ab
1134 1702 1267 1766 aedibus

319 1803 463 1872 oratorii
488 1801 698 1878 recessisset,
721 1821 743 1864 a
764 1801 933 1864 daemonio
956 1808 1116 1883 arreptus
1137 1802 1267 1865 corruit

318 1901 354 1963 in
388 1909 516 1966 terram
552 1899 711 1964 dentibus
752 1898 901 1963 stridens
932 1906 967 1962 et
998 1917 1057 1962 ore
1090 1919 1268 1983 spumans,

319 2019 533 2082 surgensque
564 1998 770 2062 festinanter
800 2016 821 2060 a
848 1997 1019 2061 daemonio
1049 1998 1204 2080 agitatus
1229 2000 1266 2062 in

319 2099 431 2162 socios
469 2117 585 2161 ensem
623 2099 759 2161 vibrare
797 2095 993 2177 disposuit3
1032 2102 1070 2159 at
1104 2096 1155 2159 illi
1190 2097 1266 2179 ejus

319 2197 466 2260 miseriae
489 2195 724 2271 condolentes,
746 2194 864 2275 ligatis
884 2194 1042 2256 monibus
1063 2194 1169 2270 illius,
1186 2213 1267 2258 cau·

319 2314 394 2358 sam
412 2295 550 2376 penitus
578 2295 790 2373 ignorantes,
816 2292 859 2355 ad
881 2292 1061 2355 ecclesiam
1082 2292 1125 2355 de
1149 2292 1266 2356 Flam·

319 2392 416 2456 stade
435 2391 672 2474 perduxerunt
689 2391 724 2454 in
742 2410 903 2471 suprema
921 2390 1011 2453 suria
1028 2391 1267 2457 constitutum.

322 2490 499 2553 latrantes
532 2496 648 2552 autem
684 2488 864 2553 ecclesiam
897 2490 1089 2571 praedones,
1120 2496 1159 2552 ut
1190 2509 1266 2553 eam

319 2588 520 2671 spoliarent,
549 2588 704 2651 obviavit
727 2588 907 2670 presbyter
938 2587 1080 2650 indutus
1112 2589 1268 2653 vestibus

320 2687 420 2760 albis,
450 2694 490 2749 ut
515 2686 681 2750 malitiam
711 2686 951 2767 comprimeret
973 2686 1177 2768 impiorum;
1208 2708 1268 2751 ve-

320 2794 501 2850 runtamen
521 2785 775 2867 aliquantulum
791 2783 834 2846 da
856 2784 963 2859 socio,
981 2803 1082 2865 quern
1099 2784 1267 2849 furiosum

320 2884 501 2959 ducebant,
525 2884 699 2967 perterriti
730 2901 852 2945 manus
880 2880 1107 2946 cohibuerunt
1131 2902 1153 2945 a
1174 2886 1267 2966 rapi-

320 3002 378 3060 na,
401 2984 471 3057 ubi,
494 2982 633 3045 vidente
654 2982 856 3062 presbytero
874 2986 909 3043 et
926 2981 1045 3043 multis
1067 2981 1157 3058 aliis,
1179 3001 1267 3048 crux

320 3081 488 3162 praedicta
508 3078 632 3143 cecidit
651 3079 687 3141 in
706 3087 845 3153 terram,
864 3077 907 3141 de
929 3079 1006 3141 sinu
1029 3080 1193 3144 exsiliens
1216 3081 1270 3144 su-

321 3178 432 3256 riosi;
470 3196 573 3260 quam
604 3184 800 3240 reverenter
836 3196 876 3240 ac
912 3184 1055 3259 stupens
1089 3180 1269 3261 presbyter

321 3277 503 3359 arripiens,
538 3282 573 3339 et
603 3294 624 3338 a
658 3282 750 3338 terra
780 3276 816 3337 iu
846 3275 976 3338 editum
1011 3276 1162 3353 elevans,
1185 3278 1267 3358 quid

321 3374 387 3437 hoc
408 3382 499 3438 esset
520 3392 542 3436 a
563 3374 784 3456 praedonibus
811 3373 1002 3455 requisivit.
1054 3373 1208 3437 Tandem
1232 3377 1269 3440 in

322 3492 359 3537 se
382 3473 510 3537 reversi
531 3480 769 3554 cognoverunt
789 3491 851 3555 per
865 3473 1029 3535 virtutem
1051 3473 1268 3539 animadver-

322 3572 428 3636 sionis
453 3571 593 3647 divinae,
616 3571 709 3653 quod
735 3590 757 3634 a
782 3568 972 3646 monachis,
995 3589 1081 3652 quos
1104 3570 1139 3633 in
1164 3593 1270 3655 prox-

321 3671 391 3733 ima
404 3671 488 3734 villa
503 3669 751 3752 spoliaverant,
767 3688 901 3732 crucem
918 3667 1034 3732 furtim
1048 3671 1247 3735 sustulisset
1261 3693 1270 3751 ;

323 3770 358 3832 in
388 3788 523 3832 summa
551 3769 659 3848 igitur
690 3768 853 3849 angustia
881 3767 1062 3847 praedones
1090 3771 1271 3833 constituti

323 3869 510 3932 timuerunt
527 3866 640 3942 valde,
663 3866 828 3929 nostiam
845 3866 939 3946 ipsos
956 3865 1098 3946 spiritus
1121 3886 1269 3949 nequam

323 3966 503 4030 invaderet
532 3973 578 4041 et,
606 3966 696 4029 sicut
726 3965 857 4028 socium
891 3981 992 4024 suum
1022 3963 1163 4041 iecerat,
1195 3986 1273 4029 cru-

323 4065 442 4127 ciaret.
488 4063 587 4127 Tunc
605 4065 785 4145 praedones
805 4061 1005 4144 nequissimi
1024 4082 1158 4127 crucem
1175 4064 1271 4129 illam
1327 4097 1361 4165 y

323 4180 401 4223 cum
429 4169 577 4225 tremore
612 4163 813 4245 presbytero
846 4161 1073 4239 tradiderunt,
1108 4161 1274 4244 adjuran-
