2978 4996
472 461 612 509 rnoans
635 462 907 512 arsronrnnuu.
1097 444 1163 510 187

210 617 401 700 voluptatis
422 626 458 681 et
473 618 610 683 hortum
632 620 832 683 deliciarum
854 619 1070 683 ordinatione
1096 639 1161 683 sua
1174 628 1234 718 311³·
1235 630 1303 717 ,22221

211 716 385 798 plantavit
412 716 627 794 AltissimuS,
655 719 698 781 de
725 738 796 800 qua
829 719 1017 802 producere
1049 719 1298 818 valuitlttetnrl}o

211 816 345 898 lignum
366 817 520 880 scientiae
538 818 617 880 boni
640 826 675 881 et
690 818 824 880 malim
847 819 1065 881 institutione
1086 819 1216 900 dig-m
1172 829 1216 868 222
1217 832 1249 868 ter
1239 830 1309 876 2222]-

212 916 334 978 nitatis
363 917 610 997 metropolicae,
634 917 767 997 lignum
793 918 875 981 vitae
901 917 937 979 in
963 916 1082 981 ordine
1107 938 1160 981 re-

211 1013 350 1095 ligionis
373 1017 575 1078 monasticae
598 1024 633 1079 et
650 1015 820 1096 regularis
840 1016 1069 1079 observantiae
1091 1016 1161 1079 dis-

211 1113 352 1195 ciplina,
374 1112 472 1194 ligna
496 1115 664 1196 pomifera
689 1115 725 1176 in
743 1114 983 1196 suffraganeis,
1004 1134 1083 1197 quae
1097 1134 1159 1196 per

212 1213 447 1295 operationem
470 1220 626 1276 sanctam
648 1212 823 1277 delectant
841 1215 877 1276 in
895 1215 983 1290 visu,
999 1234 1061 1296 per
1077 1214 1159 1277 fide·

211 1310 279 1374 lem
292 1311 484 1375 doctrinam
497 1313 695 1376 confortant
708 1313 743 1375 in
758 1321 876 1394 gustu,
890 1333 951 1394 per
963 1313 1159 1396 opinionem

212 1411 338 1475 bonam
361 1419 518 1474 recreant
534 1413 570 1474 in
590 1411 732 1476 olfactu.
786 1412 841 1475 De
861 1412 980 1476 eodem
998 1413 1075 1476 loco
1093 1412 1158 1474 ilu-

213 1509 290 1573 vius
313 1511 500 1591 egreditur,
530 1530 592 1592 per
618 1530 720 1593 quem
752 1512 990 1593 gloriosissimi
1015 1511 1159 1575 Thomae

212 1609 375 1691 martyris
413 1610 556 1690 sanguis
597 1611 813 1693 exprimitur,
848 1612 908 1693 qui
946 1609 1028 1673 dum
1050 1612 1159 1675 vitam

214 1709 371 1784 mortuis,
395 1709 579 1772 sanitatem
602 1711 755 1790 aegrotis,
776 1710 971 1773 libertatem
993 1712 1103 1773 servis
1124 1719 1160 1774 et

214 1806 395 1870 andaciam
420 1808 549 1871 timidis
581 1809 740 1883 contulit,
771 1808 850 1872 inde
878 1808 1101 1889 progrediens
1123 1810 1159 1871 in

215 1913 365 1987 quatuor
395 1907 517 1987 procul
546 1907 651 1972 dubio
680 1908 797 1988 capita
826 1907 1023 1985 derivatum
1059 1907 1160 1989 cujus

214 2005 455 2070 miraculorum
487 2006 730 2070 excellentium
763 2007 864 2087 signa
896 2005 977 2067 dum
1011 2004 1162 2068 sollicita

214 2103 437 2169 meditatione
458 2104 673 2180 discutimuS,
697 2124 794 2168 raras
811 2113 847 2168 et
861 2104 1020 2167 insolitas
1034 2102 1161 2167 divinae

215 2202 443 2284 plantationis
455 2203 596 2267 delicias
608 2204 815 2267 invenimus.
839 2203 958 2287 Hujus
972 2204 1090 2285 itaque
1101 2223 1160 2285 pa-

215 2301 319 2365 radisi
337 2295 509 2378 ¹custode,
524 2304 624 2366 bonae
645 2305 818 2366 memoriae
841 2302 1029 2383 Stephano,
1050 2322 1160 2384 quon·

214 2400 293 2463 dam
316 2400 558 2465 cantuariensi
584 2401 854 2484 archiepiscopo,
873 2410 1004 2465 sanctae
1030 2401 1161 2465 Roma·

214 2519 267 2562 nae
288 2500 441 2563 ecclesiae
459 2501 639 2575 cardinali,
662 2503 737 2565 viro
757 2502 877 2583 utique
899 2502 1160 2582 pereminentis-

213 2599 299 2661 sime
323 2598 422 2662 donis
451 2600 606 2663 scientiae
634 2608 668 2663 et
692 2620 833 2663 munere
858 2601 981 2680 gratiae
1003 2601 1160 2681 supernis

213 2697 454 2760 carismatibus
482 2699 647 2774 delibuto,
676 2707 795 2781 erepto
826 2699 868 2760 de
899 2698 1013 2761 carnis
1042 2718 1160 2779 ergas-

214 2796 300 2871 tulo,
332 2804 367 2859 et
394 2797 437 2859 ad
471 2798 623 2878 paradisi
654 2797 803 2860 caelestis
833 2795 1086 2879 jocunditatem
1126 2804 1161 2860 et

214 2895 379 2976 requiem,
408 2897 498 2960 sicut
524 2915 702 2978 speramns
735 2902 770 2958 et
793 2895 975 2970 credimus,
1004 2902 1160 2971 evocato,

214 2992 331 3056 dilecti
362 2994 423 3057 filii
451 2995 714 3059 cantuariensis
742 3003 931 3058 conventus
959 2993 1161 3057 electionem

213 3091 421 3156 celebratam
443 3095 487 3157 ab
507 3095 556 3157 eis
579 3094 621 3157 de
636 3095 806 3171 Waltero,
824 3093 991 3157 monacho
1007 3093 1161 3156 Cantna·

213 3191 329 3267 riensi,
347 3193 446 3255 nobis
465 3201 676 3274 praesentare
694 3201 878 3270 curarunt;
902 3213 972 3275 qua
985 3200 1064 3275 post
1079 3213 1161 3274 cog-

214 3291 287 3354 nita
302 3292 481 3357 electionis
497 3294 632 3369 merita,
648 3301 683 3356 et
699 3295 899 3356 examinata
916 3312 1071 3374 personae
1087 3293 1161 3358 lite-

211 3398 344 3466 ratura,
362 3391 503 3474 justitia
524 3393 710 3468 mediante,
728 3401 878 3468 cassata,
897 3392 1068 3456 hominem
1089 3393 1163 3456 cnl-

213 3490 327 3565 minis,
349 3510 451 3572 quem
471 3493 657 3572 pervitam
677 3500 713 3555 et
732 3492 925 3568 scientiam,
949 3492 1160 3555 intellectum

213 3589 343 3670 pariter
370 3598 405 3653 et
429 3589 602 3666 affectum,
628 3591 671 3654 ad
699 3592 885 3673 imaginem
909 3597 945 3653 et
965 3590 1161 3652 similitudi·

212 3706 290 3750 nem
309 3689 375 3752 Dei
392 3689 578 3764 conditum,
600 3689 781 3754 habentem
798 3710 859 3771 per
876 3689 1063 3752 salutarem
1079 3687 1162 3750 doc·

211 3787 338 3849 trinam
356 3789 437 3850 vitae
455 3788 678 3869 spiraculum,
697 3789 733 3850 in
754 3789 926 3870 paradiso,
945 3795 985 3850 ut
1001 3793 1163 3868 operetur

211 3892 247 3948 et
264 3886 438 3950 custodiat
457 3886 567 3962 illum,
585 3887 748 3950 duximus
767 3886 1015 3959 collocandum,
1035 3886 1161 3967 magis·

210 3991 303 4046 trum
323 3984 550 4062 Richardum,
572 3985 761 4049 Lincolniae
782 3986 1037 4062 cancellarium,
1059 4004 1161 4067 qnem

475 4191 482 4221 ¹
494 4194 620 4257 Custode]
638 4195 645 4222 ‘
657 4189 792 4245 Custodie'
804 4195 830 4243 in
842 4194 899 4244 MS.
