2978 4996
405 466 545 515 rnouns
568 466 836 515 ursroumuuu.
1052 452 1095 515 51

139 621 192 703 pit
224 622 310 699 suis,
344 630 384 687 ut
416 641 493 686 sose
531 622 746 686 retrahentes
780 622 937 686 hostibus
970 623 1229 731 darentfflt

140 722 347 801 ingressum,
371 723 429 786 sed
456 723 506 785 illi
530 722 663 802 ingredi
691 742 760 785 non
788 721 987 801 audebant3
1020 731 1220 787 mummia..

139 820 242 883 lieres
276 841 414 904 quoque
448 822 674 884 bellatoribus
709 820 916 884 Christianis
953 842 1092 905 aquam,

140 919 272 996 vinum,
303 938 441 1002 panem,
476 939 517 984 ac
548 920 682 1002 lapides
716 921 885 1002 intrepide
920 921 1093 985 ministra-

140 1019 254 1097 bant;
306 1020 504 1083 sacerdotes
550 1038 632 1083 vero
683 1020 832 1083 orationi
872 1021 1092 1098 insistebant,

142 1118 328 1181 Dominum
363 1112 603 1183 benedicentes
632 1124 669 1181 et
691 1119 924 1182 sauciatorum
947 1119 1092 1184 vulnera

141 1217 339 1298 alligantes.
392 1218 435 1281 In
461 1217 538 1298 ipso
562 1216 618 1280 die
649 1225 771 1280 sancto
795 1237 865 1280 non
893 1224 946 1281 est
972 1217 1091 1282 Chris-

141 1315 246 1379 tianis
283 1317 434 1398 spatium
472 1316 592 1379 datum
630 1316 718 1379 alias
758 1316 916 1397 gestandi
956 1317 1091 1398 palmas

141 1434 246 1497 quam
274 1415 433 1493 balistas,
462 1434 573 1491 arcus,
600 1415 750 1490 lanceae,
778 1415 925 1496 gladios,
951 1415 1091 1497 clypeos

139 1521 176 1577 et
198 1513 370 1595 sagittas3
401 1514 488 1578 adeo
510 1514 601 1578 enim
625 1514 801 1578 instabant
821 1514 950 1577 inimici
972 1534 1090 1578 eorum

141 1612 306 1677 atrociter
338 1615 454 1678 studio
488 1613 676 1677 liberandae
716 1614 881 1688 civitatis,
913 1614 1005 1696 quod
1046 1616 1090 1677 ab

140 1718 218 1775 ortu
243 1712 326 1776 solis
354 1711 530 1795 usquead
555 1711 675 1776 horam
702 1711 770 1775 diei
793 1711 959 1776 decimam
984 1712 1090 1775 tideli-

140 1811 206 1873 bus
229 1812 381 1894 requiem
406 1832 475 1875 non
500 1810 680 1885 dederunt,
703 1809 764 1873 sed
789 1811 927 1874 tandem
951 1812 1090 1893 fatigati

140 1928 216 1972 sese
233 1930 312 1973 cum
329 1910 456 1975 damno
478 1911 631 1973 maximo
646 1903 704 1972 ¹de
726 1908 803 1972 loco
821 1910 1018 1972 certaminis
1037 1930 1089 1973 re-

141 2014 335 2073 traxerunt.
387 2009 431 2072 In
450 2010 539 2073 festo
558 2010 682 2072 iterum
705 2007 898 2071 Dominicae
918 2009 1090 2072 ascensio-

142 2109 196 2169 nis
216 2126 311 2171 more
337 2108 441 2172 solito
469 2128 531 2191 per
555 2115 682 2171 terram
710 2114 745 2170 et
767 2125 893 2189 aquam
918 2107 1090 2169 irruerunt

140 2205 262 2288 perfidi
287 2207 324 2270 in
347 2206 578 2284 Christianos,
607 2226 648 2271 ac
672 2205 847 2269 multoties
872 2205 951 2269 illos
976 2213 1090 2268 atten-

141 2312 269 2382 tantes,
308 2307 499 2388 praevalere
536 2326 603 2369 non
646 2313 845 2387 potnerunt,
882 2305 943 2368 sed
983 2324 1090 2387 prope

140 2411 258 2467 castra
274 2424 334 2468 eos
354 2412 583 2488 provocantes
600 2412 720 2467 mutuo
740 2404 947 2470 adinvicem
965 2403 1091 2468 damna

142 2503 366 2585 pertulerunt.

153 2677 204 2742 Do
217 2679 306 2743 tertio
320 2681 435 2764 impetu
451 2678 618 2744 crudeliter
625 2681 717 2762 facto
733 2676 773 2742 ad
790 2675 959 2742 incredulis
973 2685 1080 2740 contro

517 2777 718 2843 Christianos.

193 2896 436 2984 Collegerunt²
451 2902 599 2984 denique
618 2899 736 2964 hostes
754 2897 832 2961 fidei
849 2896 958 2979 pridie
973 2896 1092 2960 kalen.

141 3001 264 3065 darum
288 2999 442 3083 Augusti
472 3020 606 3065 omnem
636 3018 740 3083 quam
775 3003 937 3079 poterant
965 2995 1092 3084 habere

140 3100 277 3182 copiam
306 3101 525 3174 bellatorum,
553 3101 613 3182 qni
647 3105 728 3181 post
754 3096 907 3159 diutinos
937 3096 1091 3159 assultus

142 3198 310 3264 fossatum
330 3207 453 3264 contra
470 3199 629 3263 militiam
648 3196 785 3279 Templi
803 3194 943 3259 tandem
960 3202 1094 3258 transe-

143 3305 258 3375 untes,
287 3317 329 3362 ac
356 3297 525 3362 violenter
554 3298 653 3362 licias
681 3296 928 3376 dirumpentes,
960 3293 1093 3375 pedites

144 3393 417 3460 Christianorum
450 3397 487 3460 in
513 3396 633 3478 sugam
657 3400 848 3470 verterunt,
879 3393 929 3456 ita
955 3392 1091 3473 quidem

144 3501 185 3558 nt
195 3496 356 3559 universo
373 3495 542 3559 exercitui
555 3493 743 3577 periculum
758 3494 962 3556 immineret.
1007 3483 1093 3553 8Μί-

142 3593 235 3669 lites,
254 3594 388 3676 equites
410 3594 513 3657 simul
540 3601 575 3657 et
599 3592 732 3676 pedites
764 3591 937 3655 seculares
960 3596 1013 3652 ter
1035 3606 1092 3651 co-

180 3764 240 3818 ¹Dc
261 3770 311 3818 loco
332 3769 472 3819 certaminis
494 3774 604 3819 retraxe-
629 3768 720 3817 ‘nohis
736 3769 763 3816 in
774 3780 872 3816 summo
888 3762 1002 3826 periculo
1019 3763 1093 3813 relic·

142 3832 224 3906 runt]
247 3839 348 3887 Atthis
364 3840 435 3900 time,
452 3853 481 3888 as
497 3839 555 3889 Jac.
572 3838 605 3887 de
630 3832 689 3897 tis;’
701 3852 727 3898 p.
738 3840 811 3885 11³8.

142 3907 256 3957 vitriaco
280 3908 392 3970 recorda,
416 3909 459 3958 the
487 3907 557 3956 duke
580 3907 609 3956 ot
665 3901 860 3967 'Collegeruatl
881 3901 1093 3952 laadevurtae.

142 3977 259 4040 Austris,
275 3979 334 4026 who
352 3977 404 4027 had
426 3979 491 4026 been
512 3992 570 4026 now
590 3991 606 4026 a
631 3991 657 4037 p.
682 3978 768 4034 11³8;
792 3973 889 4022 Oliver.
917 3970 1041 4020 Scholast.
1064 3987 1093 4033 p.

143 4060 207 4107 year
228 4046 278 4095 aud
295 4062 311 4096 a
328 4047 386 4096 halt
404 4047 467 4095 with
483 4047 525 4095 the
548 4061 607 4096 cru·
632 4048 704 4093 1189.

143 4115 242 4177 sedem,
263 4116 313 4165 and
340 4132 357 4166 a
379 4121 450 4179 grem
472 4115 606 4165 multitude
666 4110 804 4175 ³Milites.]
822 4111 941 4160 ‘Milites
963 4110 996 4159 de
1017 4109 1096 4158 Fran·

142 4184 172 4234 oi
201 4185 350 4250 animes,
375 4187 494 4237 reurrned
524 4185 607 4249 home,
631 4178 697 4244 cia3'
714 4181 776 4232 ibid.

948 4278 990 4323 sb
