2978 4996
478 447 617 497 stollas
641 447 910 496 lllS‘l'ORlAllUll.
1101 437 1166 500 2⁴ss

213 602 420 688 quaudoque
435 606 562 683 minus,
576 607 649 687 qui,
666 608 868 688 magistrum
889 607 1056 670 babentes
1076 607 1164 671 Wil-
1179 626 1235 666 nu.
1247 628 1303 666 rar.

210 702 347 767 lelmum
368 705 553 786 quendam,
571 700 816 787 ¹cognomento
836 705 984 781 Wither,
1005 707 1080 789 ejus
1104 729 1164 790 per

211 803 327 866 omnia
345 804 629 886 obtemperabant
644 807 839 886 praeceptis
892 805 958 868 Sed
983 825 1060 868 cum
1084 817 1164 887 post

210 901 383 966 modicum
414 912 550 986 tempus
583 904 668 979 haec,
703 925 781 987 quae
811 906 904 968 facta
938 904 1087 979 lucrant,
1119 907 1162 968 ad

210 1001 336 1064 summi
358 1004 531 1085 pontilicis
555 1004 712 1067 notitiam
737 1012 979 1084 pervenerunt,
1003 1003 1162 1084 indigna·

211 1105 268 1163 tus
289 1108 344 1164 est
363 1102 472 1178 valde,
498 1111 532 1166 et
553 1103 646 1166 misit
665 1096 801 1166 ²literas
824 1103 867 1165 ad
892 1123 1008 1183 regem
1027 1101 1161 1183 Angla·

211 1218 299 1276 rum,
316 1201 495 1265 mordaces
519 1202 619 1266 nimis
637 1210 672 1264 et
685 1201 944 1283 increpatorias
958 1202 1051 1284 quod
1074 1203 1161 1265 tales

211 1298 245 1362 in
271 1318 380 1380 regno
406 1320 470 1364 suo
494 1301 567 1365 fieri
594 1302 749 1384 permisit
774 1302 915 1383 rapinas
942 1303 1025 1364 viris
1052 1303 1160 1365 eccle·

211 1398 373 1475 siasticis,
398 1420 465 1463 non
489 1401 620 1464 habens
643 1409 837 1482 respectum
864 1400 908 1464 ad
931 1410 1160 1478 sacramenta,

211 1516 288 1579 quae
300 1498 483 1581 juraverat
495 1509 648 1582 tempore
666 1501 898 1563 coronationis
914 1520 998 1576 suae,
1020 1520 1086 1562 non
1103 1520 1159 1564 so·

210 1595 283 1660 lum
305 1597 348 1660 de
365 1616 451 1680 pace
471 1600 625 1664 ecclesiae
646 1600 911 1675 manutenenda,
923 1620 1040 1662 verum
1056 1601 1159 1664 etiam

211 1692 254 1759 de
276 1705 371 1761 recta
388 1697 527 1780 justitia
550 1707 621 1762 tam
643 1699 776 1761 clericis
791 1718 893 1780 quam
908 1698 1006 1761 laicis
1021 1719 1159 1762 conser-

211 1795 337 1860 vanda.
390 1796 574 1861 Mandavit
596 1798 702 1879 igitur
729 1797 764 1859 in
788 1796 914 1859 eisdem
941 1797 1049 1860 literis
1074 1801 1159 1879 regi,

205 1894 276 1957 sub
297 1914 403 1977 poena
418 1897 783 1961 excommunicationis
808 1904 842 1958 et
861 1895 1033 1959 interdicti
1055 1896 1158 1959 firmi-

210 1999 264 2057 ter
281 1994 496 2078 praecipieuS,
515 2005 699 2078 quatenus,
721 1995 878 2076 diligenti
902 1995 995 2057 facta
1016 1995 1159 2074 inquisi-

210 2092 317 2170 tione,
333 2094 463 2176 siquos
481 2096 583 2179 huJus
602 2095 776 2160 violentiae
795 2094 966 2157 inveniret
989 2101 1159 2170 auctores,

211 2197 282 2255 tam
304 2195 458 2275 graviter
481 2197 616 2277 puniret
633 2195 816 2270 obnoxios,
838 2204 875 2257 ut
894 2213 936 2256 ex
958 2213 1063 2275 poena
1085 2193 1158 2255 illo·

211 2310 287 2355 rum
309 2294 443 2357 caeteris
467 2304 595 2358 motum
616 2295 785 2358 incuteret
807 2302 841 2356 ct
865 2302 1041 2357 terrorem.
1087 2293 1158 2355 De·

212 2389 264 2455 dit
280 2392 385 2455 etiam
402 2392 521 2469 Petro,
538 2394 771 2457 Wiutoniensi
794 2394 968 2475 episcopo,
989 2400 1023 2455 ot
1041 2393 1159 2456 abbati

212 2489 323 2554 sancti
349 2492 542 2555 Eadmundi
566 2513 628 2574 per
645 2493 765 2555 literas
792 2493 826 2554 in
856 2492 1041 2567 mandatis,
1065 2493 1159 2555 utin

211 2590 356 2653 australi
390 2600 489 2673 parte
524 2590 676 2673 Angliae,
708 2592 800 2655 facta
827 2591 1050 2672 inquisitione
1082 2592 1158 2655 dili-

211 2688 319 2769 genti,
345 2711 578 2772 quoscumque
607 2691 710 2773 hujus
739 2691 788 2753 rei
817 2691 1010 2752 invenirent
1039 2690 1158 2770 culpa-

210 2787 310 2865 biles,
336 2790 465 2853 tamdiu
486 2790 730 2854 denuntiarent
758 2809 817 2852 eos
844 2789 1159 2851 excommunicatos

211 2906 393 2971 quousque
412 2889 560 2953 Romam
578 2890 736 2952 venirent
751 2909 773 2952 a
789 2887 870 2950 sede
887 2886 1079 2968 apostolica
1098 2888 1158 2949 ab·

211 2986 389 3066 solvendi3
417 2989 575 3052 similiter
591 2988 626 3050 in
647 2995 745 3070 parte
767 2987 865 3067 regni
889 2985 1081 3067 aquilonari
1105 3005 1160 3048 ar-

210 3084 430 3169 chiepiscopo
449 3088 671 3163 Eboracensi,
692 3088 854 3168 episcopo
874 3085 1100 3148 Dunelmensi
1125 3093 1159 3148 et

211 3182 378 3261 Johanni,
401 3188 540 3250 natione
563 3187 722 3251 Romano
745 3195 780 3249 et
805 3186 952 3249 Eboraci
981 3187 1159 3261 canonico,

210 3281 301 3346 idem
327 3304 430 3368 papa,
459 3287 576 3349 eadem
606 3287 827 3367 inquisitione
853 3285 1049 3361 commissa,
1074 3306 1160 3366 prae-

211 3383 314 3465 cepit,
342 3393 381 3448 ut
409 3385 502 3448 illius
524 3386 697 3449 violentias
718 3394 991 3467 transgressores
1011 3383 1159 3447 Romam

210 3481 363 3547 mitteret
379 3485 620 3561 absolvendos,
638 3485 868 3566 appellatione
890 3505 956 3547 uon
973 3485 1144 3546 obstante.

248 3677 425 3744 'emmena
434 3681 553 3745 Wiener]
566 3682 674 3731 Hier-eal
698 3681 727 3729 os
735 3682 769 3730 all
781 3681 822 3729 the
833 3682 894 3728 land
911 3680 960 3728 and
973 3680 1049 3727 cattle
1060 3680 1162 3739 belong-

212 3765 294 3812 uame,
310 3766 340 3800 as
355 3752 375 3807 it
391 3766 499 3812 appears
514 3752 606 3812 below,
620 3767 675 3799 was
699 3753 742 3812 ing
754 3755 779 3798 to
794 3751 889 3798 llobert
905 3750 937 3796 de
951 3749 1062 3810 'l'weuge
1080 3751 1105 3796 iu
1122 3749 1162 3797 bis

212 3821 306 3870 Robert
317 3821 349 3869 de
360 3822 480 3882 Twenge.
517 3822 548 3870 In
559 3820 600 3869 the
614 3821 674 3868 Fine
699 3820 838 3869 bailiwick.

211 3889 292 3952 aona,
309 3895 341 3939 29
354 3892 421 3940 Heu.
432 3891 494 3951 ΙΙΙ.,
511 3892 533 3940 is
548 3905 564 3938 a
575 3892 633 3938 writ
650 3896 675 3937 to

210 3959 392 4009 thesberifsof
400 3960 675 4020 Yorkshire,ordering
736 3955 870 4019 ²Literna]
899 3958 1001 4017 Itymer,
1019 3961 1077 4004 tom.
1098 3957 1115 4007 i.
1136 3972 1161 4017 p.

212 4029 298 4078 himto
306 4031 381 4078 make
393 4044 409 4078 a
420 4035 505 4079 retum
517 4030 592 4078 olthc
601 4020 687 4088 salue!
700 4031 766 4088 204;
784 4042 825 4076 see
837 4028 927 4088 above,
938 4042 963 4087 p.
973 4030 1030 4087 232,
1041 4030 1104 4074 note.
