2978 4996
422 468 562 518 riores
585 466 852 516 srsronmnun.
1045 451 1111 516 259

160 624 251 689 libus
274 643 337 706 per
369 624 536 688 malitiam
562 625 629 688 et
620 625 787 688 incuriam
816 624 851 688 in
877 626 927 689 eis
950 625 1108 691 habitan·
1093 639 1175 728 ‘ff
1188 641 1243 679 ¹²³²

159 724 246 787 tium
271 730 354 787 sunt
371 722 539 805 collapsa,
561 741 625 786 nos
653 723 774 806 culpas
806 744 924 787 eorum
951 725 1106 788 nolentes
1119 689 1259 827 baffi&

159 821 305 886 ulterius
335 822 400 885 sub
431 821 706 886 dissimulatione
729 823 885 897 transire,
916 841 971 898 ne,
994 824 1024 885 si
1047 842 1106 887 eas
1119 837 1265 877 monaterio

158 919 388 984 dimiserimus
420 920 642 996 incorrectus,
674 920 768 1001 ipsas
809 928 946 984 nostras
973 918 1106 985 efficere

159 1018 349 1095 videamur,
380 1018 599 1082 monasteriis
627 1018 708 1095 illis,
734 1037 812 1101 qnae
842 1017 885 1082 ad
911 1018 1105 1083 Romanam

158 1117 340 1181 ecclesiam
374 1115 469 1181 nullo
500 1123 691 1179 noscuntur
719 1116 832 1180 medio
862 1116 1044 1199 pertinere,
1067 1119 1103 1180 in

158 1215 279 1279 eadem
295 1213 473 1297 provincia
489 1215 700 1291 constitutis,
717 1215 925 1290 visitatores,
941 1215 1103 1279 reforma·

158 1318 252 1377 tores
270 1319 305 1376 et
321 1319 543 1388 correctores,
557 1319 629 1376 tam
644 1313 679 1378 iu
694 1314 809 1395 capite
825 1332 929 1395 quam
946 1315 983 1377 in
998 1333 1104 1377 mem·

158 1410 243 1488 bris,
257 1409 499 1493 deputavimus
515 1409 682 1491 speciales
696 1430 704 1489 ;
735 1410 891 1493 plenaria
908 1412 972 1475 sibi
989 1419 1104 1493 potcs-

158 1514 231 1572 tate
261 1526 437 1585 concessa,
464 1515 505 1572 ut
525 1507 707 1572 visitantes
741 1510 860 1573 eadem
892 1511 1103 1574 monasteria

158 1606 235 1670 vice
253 1613 375 1670 nostra
393 1607 571 1687 corrigant
585 1613 621 1670 et
640 1606 834 1683 reforment,
859 1627 937 1688 quae
959 1608 994 1670 in
1017 1608 1102 1690 ipsis

158 1703 381 1768 correctionis
404 1711 440 1768 et
455 1704 710 1768 reformationis
736 1704 847 1768 officio
868 1707 1027 1769 noverint
1048 1707 1102 1769 in·

159 1802 288 1885 digere,
316 1802 622 1867 constitutionibus
647 1803 702 1866 vel
730 1803 999 1866 correctionibus
1024 1803 1101 1866 aliis

157 1900 195 1963 in
217 1899 422 1983 provinciali
449 1900 602 1982 capitulo
625 1901 691 1963 rite
710 1899 812 1964 factis
836 1901 872 1962 in
893 1920 957 1963 suo
980 1901 1101 1963 robore

158 1997 381 2063 nihilominus
414 1997 601 2062 duraturis.
659 1998 757 2062 Licet
787 2005 902 2062 autem
936 1998 1035 2060 nobis
1066 1999 1101 2061 in

156 2096 404 2178 plenitudinem
430 2097 613 2178 potcstatis
638 2097 825 2178 assumptis
854 2114 937 2159 cura
959 2101 1101 2158 cuncto·

158 2214 235 2259 rum
262 2195 440 2259 immineat
465 2193 662 2280 generalisp
695 2196 777 2277 quia
800 2203 915 2258 tamen
940 2212 1015 2269 vos,
1042 2196 1102 2275 qui

158 2295 273 2358 vocati
295 2294 379 2357 estis
396 2293 430 2356 in
449 2301 582 2375 partem
600 2293 855 2369 sollicitudinis,
877 2310 982 2374 snper
997 2311 1103 2373 grege

158 2393 258 2456 vobis
282 2392 466 2456 commisso
492 2390 688 2473 specialiter
716 2392 814 2456 decet
836 2410 912 2454 esse
936 2390 1103 2455 sollicitos

159 2497 194 2554 et
208 2497 374 2566 attentos,
396 2491 536 2553 neoris
558 2491 714 2554 morbida
731 2499 870 2572 pereat3
897 2489 1102 2552 universita-

159 2595 228 2654 tem
258 2597 408 2653 vestram
437 2606 615 2651 monemus
644 2596 680 2652 et
703 2587 891 2662 hortamur,
916 2588 952 2649 in
975 2588 1102 2656 virtute

158 2686 362 2751 obedientiae
385 2686 540 2750 districte
565 2686 663 2749 vobis
687 2684 916 2767 praecipiendo
936 2684 1103 2748 mandan-

159 2791 225 2862 tes,
258 2791 429 2866 quatenus
462 2784 590 2865 singuli
614 2791 775 2857 vestrum,
797 2790 868 2846 tam
895 2783 930 2844 in
954 2782 1104 2846 civitati·

159 2882 223 2946 bus
239 2901 344 2964 qnam
360 2883 396 2945 in
412 2881 605 2946 diocesibus
618 2882 755 2957 vestris,
770 2900 833 2962 per
844 2899 908 2943 vos
922 2879 1028 2961 ipsos,
1042 2889 1104 2944 aut

158 2999 221 3062 per
241 2981 336 3043 viros
365 2979 558 3061 religiosos,
579 2981 638 3061 qui
664 2979 900 3060 experimento
927 2995 1040 3040 rerum
1066 2977 1102 3041 in

160 3076 356 3163 hujusmodi
375 3077 631 3142 visitationibus
650 3084 731 3141 snnt
747 3077 919 3152 instructi,
935 3076 1012 3139 loca
1030 3088 1102 3139 mo·

160 3176 359 3252 nachorum,
384 3176 583 3239 monialium
610 3183 645 3240 et
667 3176 907 3239 canonicorum
935 3175 1102 3255 regulari·

159 3292 228 3352 um,
252 3292 385 3340 necnon
414 3274 619 3337 secularium
649 3273 863 3349 clericorum,
889 3274 989 3337 vobis
1019 3275 1102 3337 sub-

155 3371 253 3454 jecta
281 3371 424 3436 visitare
458 3372 597 3448 curetis,
628 3378 700 3436 tam
741 3372 948 3436 auctoritate
981 3376 1101 3435 nostra

159 3489 263 3553 quam
291 3477 408 3534 vestra
437 3470 645 3552 generaliter
682 3472 844 3535 universa
874 3471 1101 3534 reformantes

158 3577 192 3632 et
208 3568 421 3649 corrigentes
442 3569 479 3630 in
498 3569 612 3650 capite
629 3575 665 3632 et
680 3569 854 3643 membris,
871 3567 964 3629 omni
987 3569 1102 3646 gratia

158 3675 193 3730 et
209 3667 333 3731 timore
352 3667 568 3749 postpositis,
589 3667 625 3729 in
645 3665 772 3729 eisdem
787 3684 866 3746 qnae
883 3664 1101 3727 reformanda

159 3764 324 3830 noveritis
353 3772 388 3828 et
414 3766 519 3828 etiam
551 3763 764 3845 corrigenda,
793 3761 899 3825 salvis
932 3761 998 3835 his,
1024 3780 1101 3842 quae

157 3864 250 3928 circa
274 3862 455 3945 religiosos
481 3863 518 3925 in
547 3861 751 3945 provinciali
781 3859 933 3941 capitulo
960 3858 1102 3939 provide

158 3970 239 4026 sunt
255 3968 389 4026 statuta
403 3961 510 4044 juxta
532 3960 812 4025 constitutionem
836 3955 972 4020 concilii
998 3975 1102 4037 gene·

157 4060 252 4138 ralis,
267 4060 539 4124 contradictores
549 4080 612 4142 per
625 4076 804 4123 censuram
821 4053 1102 4128 ecclesiasticam,

157 4159 388 4242 appellatione
412 4159 619 4240 postposita,
640 4155 913 4238 compescendo;
948 4172 1103 4235 praecep·

960 4273 999 4318 si
