2978 4996
411 450 476 515 156
668 461 800 509 noorai
825 462 872 507 nn
896 461 1104 510 wannovnn

245 639 369 680 nnana.
408 623 591 700 misorego
613 620 800 701 deputatus
825 638 914 693 sum,
939 617 1049 680 oculis
1073 616 1157 679 meis
1183 616 1361 698 conspexi.

408 720 486 795 Vae,
505 739 559 783 vae
577 719 680 781 mihi!
711 736 818 799 quare
845 723 1084 780 torneamenta
1108 716 1250 778 exercui
1273 724 1309 779 et
1324 734 1365 778 ea

408 827 508 881 tanto
536 818 651 881 studio
673 816 816 879 dilexil’
869 815 934 879 Cui
958 814 1076 889 frater,
1099 813 1274 889 ‘Nonne,’
1303 816 1364 889 ait,

408 923 470 981 ‘et
487 925 525 981 tu
550 914 777 979 salvaberisi’
830 914 876 976 Et
899 914 969 988 ille,
989 912 1206 988 ‘Salvabor,'
1228 913 1364 994 inquit;

409 1022 537 1078 ‘unum
565 1015 656 1077 enim
685 1032 773 1095 opus
802 1013 837 1075 in
862 1013 1026 1075 honorem
1055 1018 1232 1093 perpetuae
1258 1011 1365 1091 virgi-

410 1114 527 1178 nitatis
556 1113 693 1187 Mariae,
724 1130 786 1193 per
819 1130 923 1191 quam
956 1111 1131 1185 salvabor,
1157 1109 1247 1173 feci!
1300 1109 1366 1173 Cui

410 1212 630 1293 Radulphus,
648 1217 658 1245 ‘
675 1210 843 1291 Nunquid
862 1208 1045 1291 supplicia,
1064 1209 1189 1290 quibus
1206 1208 1364 1271 addictus

409 1330 459 1387 es,
477 1319 516 1374 ut
531 1310 629 1386 dicis,
647 1310 807 1392 operibus
823 1307 936 1383 bonis,
954 1307 1068 1370 missis
1085 1314 1119 1370 et
1137 1306 1364 1388 eleemosynis

409 1418 576 1491 poterunt
592 1408 740 1488 mitigari
751 1408 778 1471 l'
816 1406 873 1471 Ad
886 1408 961 1470 haec
979 1406 1152 1486 Rogerus,
1169 1411 1178 1439 ‘
1193 1404 1364 1469 Poterunt

411 1507 571 1589 quidem!
615 1506 688 1569 ‘Et
709 1506 798 1586 ego‚’
823 1507 872 1569 ait
899 1504 1119 1587 Radulphus,
1137 1504 1221 1567 ‘tibi
1247 1503 1284 1566 in
1308 1523 1364 1567 ve-

411 1606 514 1669 ritate
541 1604 718 1687 promitto,
745 1623 800 1667 me
832 1624 896 1686 pro
923 1605 1037 1667 salute
1063 1610 1182 1666 nostra
1211 1609 1246 1665 et
1268 1609 1365 1665 ante·

410 1722 586 1767 cessorum
605 1711 800 1766 nostrorum
818 1704 955 1767 domum
981 1700 1158 1782 religionis
1181 1700 1365 1777 facturum,

411 1822 514 1884 quam
547 1821 624 1865 cum
656 1802 834 1866 monachis
872 1801 1042 1879 religiosis
1071 1800 1272 1883 implevero,
1301 1819 1364 1880 pro

411 1900 615 1965 liberatione
636 1902 760 1964 animae
780 1907 906 1963 vestrae
923 1907 959 1962 et
975 1900 1267 1981 praedecessorum
1285 1917 1365 1961 nos·

412 2007 544 2064 trorum
556 2001 668 2064 Deum
681 1999 890 2064 aeternaliter
901 1995 1134 2061 invocabunt?
1169 1997 1364 2077 Respondit

412 2099 586 2180 Rogerus,
609 2098 922 2162 ‘Promissionibus
942 2097 1012 2158 tuis
1036 2094 1182 2159 multum
1212 2095 1363 2175 indigeo,

411 2198 470 2261 sed
496 2198 580 2260 nihil
605 2216 724 2278 quaeso
747 2197 829 2258 mihi
857 2195 1053 2278 promittas,
1073 2195 1140 2257 nisi
1161 2194 1253 2275 quod
1275 2194 1365 2257 desi·

412 2296 513 2358 deras
536 2295 659 2358 effectu
683 2293 875 2375 complere?
922 2293 968 2356 Et
982 2294 1032 2356 sie
1047 2292 1146 2355 fratri
1162 2293 1364 2374 cunctisque

413 2393 631 2456 adstantibus
648 2391 844 2455 valedicens
859 2392 1018 2474 spiritum
1040 2391 1154 2454 denuo
1174 2390 1363 2455 exhalavit.

414 2490 549 2553 Deinde
585 2489 792 2571 Radulphns
821 2491 928 2552 frater
955 2490 1030 2573 ejus
1055 2491 1091 2552 in
1115 2489 1235 2552 eodem
1262 2508 1364 2566 anna,

413 2589 503 2652 sicut
523 2589 739 2671 promiserat,
758 2588 931 2652 abbatiam
950 2589 986 2650 in
1004 2588 1159 2669 partibus
1175 2588 1363 2652 occidentis

414 2688 511 2768 regni
526 2686 667 2768 Angliae
683 2694 886 2751 construens
906 2687 1093 2750 monachos
1116 2685 1363 2750 Cistercienses

413 2789 590 2868 imposuit,
616 2794 651 2851 et
671 2785 784 2850 locum
805 2784 942 2867 proediis
965 2793 1001 2848 et
1016 2784 1190 2848 beneficiis
1206 2805 1275 2848 non
1294 2806 1364 2849 mo·

414 2886 500 2949 diois
516 2885 708 2968 ampliavit.

426 3056 475 3117 De
491 3055 693 3119 translatione
707 3055 877 3134 dictarat,
894 3055 1132 3121 Saroodirieaaa'e
1147 3056 1292 3141 episcopi,
1307 3057 1352 3120 ad

787 3155 985 3219 Danai-mam.

253 3300 381 3359 morano,
466 3272 596 3337 Eodem
613 3294 716 3350 anno,
732 3284 870 3341 cassata
879 3277 1002 3342 Romae
1019 3278 1187 3341 electione
1205 3279 1365 3359 magistri

253 3350 582 3438 llillll'tll‘yawillelmi
613 3372 719 3450 Scoti,
744 3376 987 3440 Dunelmensis
1018 3375 1130 3453 electi,
1156 3376 1365 3452 Richardus,

254 3449 359 3488 ”u'hm'
416 3470 677 3536 Saresbiriensis
693 3474 887 3557 episcopus,
902 3475 945 3537 ad
963 3475 1109 3538 eundem
1126 3476 1363 3558 episcopatum

416 3570 545 3633 electus
556 3580 610 3635 est
622 3580 657 3635 et
670 3574 881 3648 translatus;
906 3581 985 3655 post
997 3573 1097 3656 cujus
1113 3575 1364 3655 promotionem

415 3672 570 3733 canonici
583 3671 852 3734 Saresbirienses
869 3672 1048 3752 elegerunt
1058 3674 1261 3753 magistrum
1272 3666 1364 3737 ¹Ro·

415 3769 548 3832 bertum
566 3770 770 3849 Bingeham,
786 3771 1032 3833 cocanonicum
1046 3790 1158 3847 suum,
1178 3773 1213 3834 in
1234 3773 1365 3835 anima-

416 3886 489 3929 rum
506 3888 645 3931 suarum
661 3871 860 3951 episcopum
874 3876 908 3965 et
925 3878 1110 3951 pastorem.
1148 3868 1229 3947 Quo
1244 3871 1365 3952 utique

415 3985 506 4029 anno
528 3968 644 4030 decisa
666 3975 720 4030 est
734 3968 909 4031 contentio
923 3969 1012 4031 inter
1029 3968 1215 4031 monachos
1228 3968 1364 4032 Ceven-

450 4134 600 4188 ¹Robertam
624 4143 799 4207 magedam]
834 4145 876 4192 He
902 4145 969 4193 Batlr
985 4150 1012 4192 at
1029 4145 1134 4204 Wilton,
1147 4160 1180 4193 on
1200 4144 1242 4192 the
1262 4146 1322 4195 arth
1340 4148 1369 4196 os

415 4221 470 4255 was
479 4212 640 4260 consecrated
653 4213 686 4273 by
698 4213 740 4261 the
752 4214 842 4276 bishop
850 4214 880 4263 ot*
903 4215 984 4276 May,
1000 4214 1094 4264 Annei.
1107 4215 1216 4264 Waverl.
1228 4229 1254 4276 p.
1268 4220 1324 4266 192.
