2978 4996
307 418 351 480 30
563 429 696 477 uoonni
725 429 772 476 ns
798 427 1003 476 wnunovnn

144 605 199 646 an·
213 604 268 645 1²¹⁷·
307 588 401 666 thus,
427 587 488 665 ait,
510 586 727 669 ‘Nunquam
750 586 794 650 de
819 592 946 649 caetero
967 584 1064 648 falsis
1089 585 1159 648 tuis
1181 605 1262 667 pro-

309 687 530 752 missionibus
561 705 760 769 quenquam
789 687 825 749 in
853 684 919 748 hoc
951 684 1068 748 seculo
1101 684 1257 763 seduces,

309 787 466 871 proditor
483 787 692 869 nequissime
703 783 729 864 ;’
750 791 785 848 et
802 785 853 848 sic
872 785 997 849 educto
1014 782 1131 864 gladio
1153 793 1260 867 capnt

309 887 385 971 ejus
406 886 612 969 amputavit.
664 884 786 966 Spolia
804 883 921 965 itaque
941 884 1081 947 navium
1101 883 1137 946 in
1161 901 1259 962 auro,

308 993 466 1067 argento,
491 985 615 1068 pannis
637 984 756 1047 sericis
784 990 820 1047 et
841 983 946 1046 armis
972 982 1187 1064 collegerunt
1206 1003 1260 1048 re·

308 1086 405 1167 gales
429 1084 599 1163 ministri3
631 1092 746 1166 atque,
770 1082 968 1164 prisonibns
990 1083 1056 1146 sub
1077 1081 1176 1146 salvo
1198 1083 1259 1147 de-

308 1185 454 1267 putatis,
474 1183 685 1265 significavit
709 1182 783 1261 regi
816 1180 999 1264 Philippus
1024 1180 1067 1245 de
1088 1179 1258 1247 Albeneio

308 1303 388 1364 quae
411 1291 514 1364 gesta
534 1281 685 1357 fuerent,
708 1282 767 1363 qni
784 1299 847 1363 pro
869 1280 1016 1345 victoria
1037 1279 1102 1343 sibi
1125 1280 1261 1345 caelitus

308 1400 474 1446 concessa
513 1380 701 1444 Dominum
743 1379 963 1461 glorificavit,
994 1379 1055 1462 qui
1087 1378 1124 1442 in
1155 1381 1257 1444 rebus

308 1481 466 1544 humanis
486 1498 622 1562 semper
644 1488 698 1544 est
714 1487 749 1542 et
765 1480 891 1561 ubique
912 1478 1093 1543 mirabilis.
1138 1477 1258 1563 Hujus

308 1588 425 1644 autem
458 1579 507 1642 rei
536 1586 681 1643 eventus
711 1597 790 1642 cum
818 1578 862 1641 ad
891 1577 1067 1644 Lodowici
1098 1578 1257 1643 notitiam

307 1680 534 1762 pervenisset,
562 1678 672 1742 multo
703 1677 827 1743 fortius
858 1677 970 1742 doluit
995 1696 1099 1760 quam
1130 1678 1174 1742 de
1204 1679 1259 1742 in-

307 1778 460 1844 fortunio
482 1778 547 1842 sibi
566 1778 659 1861 apud
680 1778 897 1843 Lincolniam
919 1778 1087 1859 irrogato.

351 1951 400 2015 De
407 1971 490 2037 poce
505 1959 533 2016 el
549 1952 713 2017 concordia
719 1951 815 2036 facto
832 1949 915 2014 ictor
929 1949 1104 2015 Heorieum
1117 1972 1215 2038 repom

586 2050 710 2136 sepita
726 2059 754 2114 et
770 2047 980 2114 bodowicum.

361 2173 615 2238 Mareschallus
626 2173 745 2254 igitur,
763 2173 855 2255 regis
873 2180 908 2236 et
921 2171 1019 2254 regni
1036 2180 1160 2249 rector,
1172 2194 1257 2239 oon-

309 2274 470 2355 gregavit
491 2272 681 2337 exercitum
709 2272 875 2353 grandem
896 2272 1044 2336 militum
1069 2274 1200 2355 pariter
1221 2284 1257 2339 et

164 2351 198 2381 ’ω
251 2351 270 2381 ‘'
309 2372 486 2448 clientum,
515 2378 620 2453 atque
645 2371 680 2434 in
707 2370 910 2435 fortitudine
938 2372 1038 2452 gravi
1062 2371 1107 2435 ad
1136 2372 1257 2437 urbem

308 2469 567 2535 Londoniarum
588 2488 626 2533 se
648 2470 826 2535 conserens
849 2470 984 2534 obsedit
1003 2489 1080 2535 eam
1105 2490 1169 2553 per
1193 2492 1257 2556 gy·

308 2590 396 2647 rum,
418 2569 453 2634 id
476 2576 541 2645 est,
561 2588 624 2651 per
643 2576 769 2633 terram
795 2569 898 2633 simul
922 2578 958 2634 et
978 2588 1115 2652 aquam,
1138 2590 1257 2636 omne·

308 2688 376 2751 que
412 2669 555 2733 inclusis
589 2667 791 2733 victualium
830 2688 941 2751 genus
972 2668 1178 2733 subtrahens
1212 2671 1257 2735 ad

307 2768 515 2835 deditionem
542 2785 601 2833 eos
623 2768 828 2852 compellere
853 2768 1058 2849 satagebat3
1082 2775 1120 2832 at
1142 2768 1258 2833 Lodo·

307 2871 414 2934 wicus
434 2869 470 2932 in
491 2876 588 2932 arcto
606 2869 740 2950 positus
762 2866 973 2949 significavit
992 2867 1109 2948 legato
1124 2870 1257 2950 pariter

307 2986 349 3032 ac
369 2966 612 3041 Mareschallo‚
634 2966 726 3048 quod
750 2965 824 3049 ipse
840 2967 951 3031 voluit
973 2967 1117 3033 consilio
1136 2987 1255 3032 eorum

308 3067 345 3129 in
366 3067 526 3130 omnibus
551 3064 702 3141 obedire,
724 3065 775 3129 ita
797 3072 914 3130 tamen
939 3065 1043 3148 quod,
1068 3066 1168 3131 salvo
1194 3066 1256 3132 ho·

308 3184 393 3228 nore
416 3183 480 3227 suo
500 3170 535 3227 et
557 3163 631 3227 sine
657 3183 797 3229 suorum
823 3165 1000 3243 scandalo,
1024 3184 1145 3248 pacem
1171 3184 1256 3231 con·

308 3283 430 3346 gruans
459 3263 690 3346 providerent.
755 3262 806 3328 At
834 3265 898 3339 illi,
924 3266 961 3329 in
990 3266 1114 3348 quibus
1142 3273 1255 3330 totum

308 3363 480 3446 pendebat
507 3363 695 3444 negotium,
722 3364 843 3446 etqui
871 3362 1047 3429 Lodovvici
1076 3364 1254 3430 liberatio·

308 3482 385 3526 nem
409 3480 516 3546 supra
539 3463 677 3527 modum
702 3462 957 3541 desiderabant,
985 3463 1158 3547 quandam
1191 3483 1255 3547 pa·

307 3564 358 3627 cis
380 3562 525 3629 formam
550 3562 586 3626 in
614 3563 744 3644 scripto
773 3562 947 3626 redactam
970 3564 1001 3627 ei
1026 3562 1252 3642 remiserunt3

306 3664 363 3726 cui
390 3664 421 3726 si
448 3662 643 3727 consentire
670 3661 787 3737 vellet,
816 3661 884 3744 ipsi
913 3662 1134 3745 providerent
1154 3671 1190 3727 et
1210 3665 1254 3728 ad

307 3761 372 3828 hoc
401 3782 476 3827 sese
503 3761 709 3844 obligarent,
736 3762 828 3843 quod
852 3761 997 3826 liberum
1028 3763 1094 3826 sibi
1119 3781 1160 3826 ac
1182 3765 1256 3826 suis

306 3864 464 3926 omnibus
483 3862 646 3944 imprisiis
670 3862 714 3924 ab
733 3859 864 3942 Anglia
883 3860 1037 3926 facerent
1056 3860 1183 3927 habere
1202 3883 1256 3927 re·

306 3981 462 4040 cessum;
487 3960 541 4024 sin
566 3970 694 4037 autem,
716 3959 783 4043 ipsi
807 3961 1065 4027 subversionem
1089 3962 1199 4045 ipsius
1221 3971 1258 4027 et

306 4059 509 4123 scandalum
535 4061 694 4124 omnibus
726 4059 837 4124 modis
859 4068 1098 4144 procurarent.
1152 4060 1257 4127 Hanc

306 4167 422 4223 autern
459 4159 556 4241 pacis
587 4160 733 4223 sormam
765 4178 843 4224 cum
878 4159 1084 4227 Lodovvicus
1116 4168 1152 4225 et
1180 4162 1257 4245 ejus
