2978 4996
377 409 442 475 128
621 426 756 475 nocant
784 425 829 472 mr
852 422 1062 472 wnunovra

214 591 270 632 w·
281 592 337 632 ¹²²⁶·
375 582 441 645 beo
456 580 548 662 quod
565 601 665 645 nemo
681 581 793 665 pejus,
805 599 885 644 nam
895 580 969 644 haec
984 598 1062 643 mea
1073 599 1152 662 quae
1167 580 1264 644 vides
1276 583 1327 645 in·

376 680 540 744 dumenta
555 682 642 745 adeo
655 680 814 745 ardentia
828 687 910 744 sunt
926 686 968 744 et'
976 680 1185 762 ponderosa,
1201 688 1241 745 ut
1255 681 1328 744 nul·

375 779 429 843 lus
448 780 507 862 qui
523 782 558 845 in
575 780 692 844 seculo
710 781 807 845 vivat
829 779 889 842 illa
906 786 1048 859 tangere
1064 778 1238 844 sufficeret
1254 800 1327 862 prae

374 879 497 944 ardore
518 879 575 944 vel
599 887 741 963 propter
763 878 1055 962 ponderositatem
1074 886 1225 961 portare,
1243 879 1327 962 quin

374 980 533 1061 protinus
549 980 752 1058 moriretur3
785 979 845 1043 sed
870 985 985 1042 tamen
1013 997 1076 1060 per
1092 977 1161 1041 Dei
1181 978 1327 1043 clemen·

375 1079 458 1142 tiam
482 1098 583 1161 spero
612 1087 648 1142 et
671 1079 820 1160 gratiam
845 1077 1063 1154 ineffabilem,
1092 1097 1146 1140 me
1173 1078 1328 1160 quaudo-

373 1197 441 1260 que
459 1178 725 1242 misericordiam
741 1177 957 1259 adepturum.
999 1175 1129 1254 Quaeso
1143 1177 1252 1258 igitur
1267 1179 1328 1241 ob·

373 1277 491 1340 nixius
510 1277 761 1341 fraternitatem
787 1284 894 1352 tuam,
914 1284 953 1339 ut
968 1275 1063 1340 dicas
1083 1275 1260 1341 Richardo
1283 1277 1326 1341 de

374 1375 540 1452 Marisco,
566 1396 657 1440 nunc
678 1375 904 1439 Dunelmensi
928 1375 1103 1457 episcopo,
1126 1376 1230 1458 quod,
1258 1377 1323 1440 nisi

373 1482 455 1538 ante
472 1482 616 1539 mortem
633 1495 733 1539 suam
743 1476 851 1538 vitam
863 1476 1053 1539 correxerit
1067 1475 1275 1556 flagitiosam
1289 1484 1325 1540 et

373 1593 448 1637 eam
460 1595 522 1657 per
537 1574 776 1656 poenitentiam
786 1581 822 1637 et
832 1573 1104 1638 satisfactionem
1115 1575 1325 1663 condignam

373 1673 620 1750 emendaverit,
636 1673 735 1737 sedes
746 1673 905 1756 ejusJam
920 1680 1044 1755 parata
1057 1680 1110 1737 est
1121 1673 1156 1735 in
1167 1673 1323 1753 inscrn03

373 1780 420 1847 et,
447 1773 477 1835 si
500 1773 554 1835 his
577 1772 678 1837 dictis
700 1773 770 1837 tuis
792 1780 828 1837 et
842 1772 1015 1836 mandatis
1037 1773 1122 1836 meis
1142 1772 1244 1836 fidem
1261 1774 1323 1837 ad·

373 1871 489 1937 hibere
511 1873 769 1955 contempserit,
790 1891 853 1954 per
867 1870 941 1935 haec
962 1871 1165 1953 intersignia
1188 1891 1323 1938 omnem

372 1969 525 2052 deponat
551 1973 823 2054 ambiguitatem,
847 1970 952 2053 quod,
979 1969 1059 2033 dum
1080 1970 1144 2034 soli
1168 1990 1321 2037 essemus

372 2069 407 2133 in
431 2071 507 2135 loco
531 2070 590 2134 illo
613 2069 679 2133 sibi
699 2069 892 2147 notissimo,
909 2069 1004 2133 dedit
1020 2068 1104 2134 mihi
1126 2072 1322 2150 consilium,

372 2176 444 2232 tam
472 2168 555 2232 mihi
577 2188 680 2250 quam
702 2169 769 2232 sibi
792 2169 895 2232 nimis
920 2169 1137 2246 damnosum,
1159 2179 1200 2235 ut
1223 2172 1320 2236 vidc-

371 2266 452 2331 licet
467 2287 489 2331 a
508 2266 684 2330 monachis
705 2267 990 2331 cisterciensibus
1012 2269 1182 2332 auferrem
1205 2271 1321 2335 lanam

372 2385 472 2429 suam
495 2366 597 2429 unius
618 2366 711 2443 anni,
734 2377 769 2432 et
789 2369 881 2449 quod
902 2368 1012 2431 multa
1031 2367 1101 2431 alia
1120 2368 1216 2433 dedit
1239 2370 1322 2434 mihi

371 2463 517 2527 consilia
533 2465 664 2545 iniqua,
682 2486 746 2548 pro
768 2467 892 2549 quibus
915 2486 1005 2530 nunc
1027 2466 1162 2548 persero
1185 2469 1322 2532 inenar-

373 2562 506 2640 rabilia,
532 2584 610 2646 quae
641 2566 746 2629 etiam
775 2573 810 2630 et
838 2565 888 2629 illi
923 2566 1104 2643 debentur,
1135 2573 1319 2633 tormenta.

372 2660 488 2740 Quod,
503 2664 532 2726 si
544 2664 656 2728 adhuc
666 2663 877 2728 dubitaverit
888 2665 1028 2729 credere
1039 2665 1211 2729 mandatis
1225 2669 1322 2746 meis,

370 2763 501 2828 recolat
530 2765 622 2847 quod
652 2765 687 2827 in
717 2764 777 2827 illo
805 2763 881 2828 loco
907 2772 942 2828 et
970 2764 1056 2828 hora
1081 2764 1201 2828 eadem
1226 2766 1321 2833 dedit

370 2861 453 2924 mihi
468 2861 618 2945 lapidem
633 2883 740 2927 uuum
763 2863 965 2945 pretiosum,
984 2883 1086 2946 quem
1102 2883 1165 2946 pro
1186 2864 1320 2946 ingenti

370 2962 516 3041 pecunia
538 2962 777 3043 comparavit!
829 2962 887 3039 Et,
909 2962 962 3025 his
979 2963 1094 3040 dictis,
1108 2982 1173 3026 rex
1198 2963 1318 3047 dispa-

369 3060 439 3123 ruit
454 3067 490 3123 et
503 3060 691 3124 monachus
706 3070 851 3144 stupens
864 3061 1056 3143 evigilavit.

421 3156 597 3222 Defuncto
622 3160 739 3241 itaque
768 3159 956 3237 Richardo,
987 3161 1212 3226 Dunelmensi
1243 3165 1319 3245 epi·

308 3238 319 3266 ¹
369 3274 487 3338 scopo,
513 3258 607 3338 prior
629 3265 664 3322 et
686 3266 878 3324 conventus
905 3279 982 3323 cum
1008 3280 1029 3323 a
1051 3280 1133 3342 rege
1160 3267 1318 3343 peterent

368 3353 543 3418 licentiam
562 3357 710 3436 eligendi
728 3365 915 3440 pastorem,
934 3378 993 3423 rex
1021 3359 1147 3424 obtulit
1172 3361 1222 3423 eis
1246 3360 1329 3424 Lu-·

368 3472 443 3517 cam
472 3456 686 3538 capellanum
714 3476 827 3532 suum,
850 3456 959 3521 multa
985 3458 1237 3540 supplicatione
1261 3481 1319 3524 ro-

368 3571 468 3633 gans,
487 3562 525 3618 ut
541 3554 638 3619 illum
653 3557 845 3638 reciperent
859 3556 894 3618 in
912 3564 1096 3638 pastorem.
1151 3557 1317 3624 Monachi

367 3671 449 3715 vero
472 3654 516 3717 ad
536 3653 602 3718 hoc
626 3655 888 3736 responderunt,
913 3656 1006 3737 quod
1028 3656 1160 3720 nullum
1185 3659 1318 3742 recipe·

367 3759 444 3816 rent
463 3752 530 3816 nisi
551 3754 717 3817 canonica
739 3753 907 3817 electione
930 3755 1134 3837 praemissa3
1165 3777 1229 3820 rex
1253 3778 1316 3822 au-

367 3856 434 3914 tem
464 3871 484 3914 e
513 3859 634 3916 contra
663 3872 740 3915 cum
768 3852 967 3935 juramento
996 3853 1194 3932 affirmavit,
1221 3857 1316 3939 ipsos

365 3946 500 4013 futuros
517 3970 578 4033 per
594 3953 812 4033 septennium
827 3952 901 4016 sine
915 3952 1089 4035 episcopo,
1107 3954 1174 4016 nisi
1192 3957 1318 4036 praefa-

365 4053 437 4110 tum
457 4048 586 4114 Lucam
604 4051 825 4116 admitterent
838 4050 881 4113 ad
899 4053 1119 4134 pontificatus
1139 4052 1316 4119 honorem.

367 4143 567 4212 Conventus
602 4169 685 4215 vero
723 4150 822 4215 illum
861 4151 904 4214 ad
941 4158 1074 4223 tantam
1107 4151 1314 4233 dignitatem
