2978 4996
472 449 610 498 anonas
634 449 903 499 nrsronrnnun.
1121 436 1165 500 87

382 684 431 746 Do
446 684 578 769 quodam
595 683 808 769 Aldipansiam
821 684 987 771 antipapa.

262 805 363 870 Circa
390 806 464 870 dies
494 807 580 871 istos
611 808 763 872 haeretici
793 808 1001 890 Albigenses
1034 812 1162 874 consti·-
1176 826 1298 866 avuta-

211 913 352 968 tuerunt
382 906 448 969 sibi
477 908 678 988 antipapam
703 908 739 970 in
767 907 892 971 finibus
919 878 1313 990 Bulgarorumiideiiika

212 1003 363 1068 Croatiae
394 1012 429 1068 et
455 1004 654 1083 Dalmatiae,
686 1007 824 1070 nomine
856 1008 1160 1086 Bartholomaeum‚
1175 977 1316 1026 ‘unum'

211 1103 312 1186 cujus
342 1123 438 1167 error
468 1105 504 1167 in
538 1107 694 1188 partibus
727 1105 796 1169 illis
823 1106 909 1171 adeo
935 1107 1094 1184 invaluit,
1122 1117 1162 1172 ut

210 1202 315 1266 etiam
329 1203 510 1284 episcopos
528 1211 564 1267 et
578 1204 666 1268 alios
682 1205 809 1268 multos
828 1207 1006 1287 regionum
1024 1207 1161 1270 illarum

211 1301 256 1364 ad
274 1320 372 1365 suam
395 1302 554 1366 allexerit
571 1305 802 1384 pravitatem
830 1313 951 1368 contra
971 1325 1072 1387 quem
1089 1300 1160 1382 ¹0„

213 1399 415 1464 Portuensis
438 1402 619 1483 episcopus
641 1410 677 1466 et
695 1404 731 1466 in
754 1405 911 1484 partibus
928 1404 998 1467 illis
1020 1412 1160 1487 aposto·

209 1499 285 1562 licae
313 1500 405 1563 sedis
430 1499 578 1581 legatus,
605 1500 878 1583 Rothomagensi
902 1503 1160 1586 archiepiscopo

208 1599 347 1680 scripsit
369 1600 404 1662 in
432 1600 506 1663 haec
521 1601 647 1679 verba3
672 1600 964 1665 ‘Venerabilihus
990 1604 1160 1684 patribus,

210 1698 277 1761 Dei
302 1698 418 1779 gratia
443 1698 719 1780 Rothomagensi
744 1698 1001 1782 archiepiscopo
1027 1702 1160 1785 atejus

208 1796 436 1878 suffraganeis
459 1798 643 1880 episcopis,
669 1799 816 1862 salutem
837 1800 872 1861 in
893 1799 1045 1864 Domino
1071 1800 1159 1864 Jesu

212 1895 362 1959 Christo.
395 1896 487 1960 Dum
508 1918 571 1979 pro
587 1916 716 1979 sponsa
731 1898 803 1960 veri
822 1896 988 1960 Crucifixi
1005 1907 1159 1962 vestrum

211 1996 368 2076 cogimur
382 1996 551 2059 auxilium
572 1997 769 2078 implorare,
790 1996 906 2078 potius
924 1996 1161 2079 compellimur

212 2093 356 2157 lacerari
378 2093 589 2175 singultibus
613 2102 648 2158 et
667 2096 815 2177 plorare.
862 2094 963 2171 Ecce,
992 2094 1083 2177 quod
1111 2096 1161 2158 vi·

212 2192 336 2270 dimus,
361 2192 554 2275 loquimur;
579 2201 626 2271 et,
647 2196 738 2275 quod
759 2195 898 2270 scimus,
923 2194 1159 2258 testificamur.

213 2292 278 2356 Ille
304 2293 406 2356 homo
435 2292 603 2375 perditus,
631 2294 691 2375 qui
722 2294 902 2357 extollitur
930 2313 1035 2375 super
1060 2313 1160 2357 omne

210 2391 304 2472 quod
329 2391 455 2456 colitur
478 2399 540 2455 aut
563 2393 655 2473 quod
681 2393 806 2456 dicitur
831 2392 941 2469 Deus,
959 2392 1034 2476 jam
1058 2392 1161 2457 hahet

212 2489 364 2573 perfidiae
387 2510 460 2553 suae
483 2490 731 2572 praeambulum
755 2491 1030 2568 haeresiarcham,
1058 2512 1160 2574 quem

211 2587 365 2652 haeretici
382 2588 590 2670 Albigenses
613 2608 738 2672 papam
760 2609 861 2654 suum
885 2591 1073 2672 appellant,
1098 2590 1161 2655 ha·

213 2689 383 2752 bilantem
405 2687 581 2752 infinibus
598 2688 843 2770 Bulgarorum,
859 2687 1010 2752 Croatiae
1026 2696 1062 2752 et
1075 2689 1160 2752 Dal-

211 2788 339 2863 matiae,
359 2787 467 2870 juxta
489 2787 738 2869 Hungarorum
764 2787 947 2851 nationem.
999 2786 1057 2850 Ad
1083 2806 1160 2849 eum

212 2885 391 2951 confluunt
409 2887 561 2950 haeretici
578 2885 797 2968 Albigenses,
816 2893 855 2949 ut
870 2885 914 2949 ad
937 2904 1056 2948 eorum
1078 2904 1161 2948 con·

211 2985 305 3048 sulta
328 2985 561 3068 respondeat;
586 2995 639 3049 est
656 2987 746 3048 enim
764 2984 807 3049 de
825 2984 1023 3048 Carcasone
1044 2984 1161 3048 oriun-

212 3083 290 3161 dus,
309 3083 403 3149 vices
425 3084 517 3148 illius
537 3085 714 3167 antipapae
733 3103 868 3166 gerens,
884 3084 1162 3148 Bartholomaeus

212 3182 451 3247 haeretioorum
480 3185 676 3266 episcopus,
702 3184 874 3247 funestam
908 3184 940 3247 ei
968 3183 1162 3246 exhibendo

212 3283 463 3361 reverentiam3
487 3282 602 3346 sedem
623 3291 659 3346 et
679 3282 793 3346 locum
818 3282 988 3346 concessit
1010 3283 1046 3345 in
1068 3282 1162 3359 villa,

211 3401 292 3463 quae
320 3380 443 3445 Porlos
474 3381 680 3464 appellatur,
708 3389 806 3446 etse
833 3382 946 3463 ipsum
981 3383 1017 3444 in
1045 3390 1162 3463 partes

210 3480 429 3543 Tholosanas
462 3480 652 3543 transtulit.
716 3479 789 3544 Iste
817 3480 1094 3544 Bartholomaeus
1125 3480 1162 3542 in

209 3578 388 3642 literarum
410 3598 551 3642 suarum
578 3579 730 3661 undique
757 3579 1021 3642 discurrentium
1044 3585 1163 3641 tenore

211 3696 249 3741 se
266 3679 301 3740 in
317 3679 429 3760 primo
444 3679 666 3743 salutationis
679 3677 832 3760 alloquio
847 3677 1003 3740 intitulat
1017 3677 1054 3738 in
1072 3676 1164 3739 hunc

211 3776 360 3851 modum,
373 3782 382 3810 ‘
397 3777 687 3853 Bartholomaeus,
700 3795 821 3840 servus
838 3794 1016 3839 servorum
1032 3782 1163 3836 sanctae

210 3874 303 3951 fidei,
320 3876 383 3938 tali
406 3875 577 3940 salutem.’
630 3876 711 3959 Ipse
732 3876 836 3937 etiam
854 3876 945 3937 inter
961 3872 1048 3935 alias
1063 3891 1163 3935 enor-

211 3974 352 4037 mitates
369 3982 465 4038 creat
481 3976 662 4057 episcopos
685 3982 721 4037 et
735 3973 900 4036 ecclesias
924 3971 1052 4054 perfide
1071 3971 1163 4035 ordi·

246 4154 253 4184 ¹
265 4148 309 4221 0.]
326 4148 495 4201 ‘Corradus’
521 4152 619 4202 Soathe
631 4152 677 4200 let·
702 4155 729 4199 at
741 4150 825 4212 length
834 4151 859 4197 in
867 4148 1074 4209 Marteue‚Thes.
1082 4148 1165 4197 Auec-

210 4230 258 4284 ter‚
271 4223 330 4272 here
342 4222 418 4272 much
429 4222 564 4285 ehridged,
575 4221 676 4283 printed
702 4221 755 4271 dot.
766 4227 826 4269 tom.
837 4220 855 4268 i.
866 4220 915 4270 col.
927 4223 985 4269 0⁰1.
