2978 4996
396 443 535 492 smnus
560 443 829 496 msronmsuu.
1031 433 1097 497 225

138 597 245 662 castri
262 597 430 675 Matildis,
446 598 632 662 honorifice
645 607 726 663 sunt
741 601 785 663 ab
802 620 843 663 eo
861 600 1001 683 recepti.
1030 603 1094 667 Ri·
1107 614 1161 654 w·
1174 617 1229 656 ¹²³¹·

139 697 289 761 chardus
309 718 392 763 vero
415 698 656 774 Marescallus,
680 719 717 762 se
740 701 812 781 regi
839 710 1092 782 repraesentans

139 805 179 861 ut
198 797 369 860 haeredem
391 798 507 861 fratris
528 800 581 861 sui
602 798 769 861 Willelmi
796 799 1007 876 Marescalli,
1031 804 1092 864 ob-

138 895 219 960 tulit
235 896 309 977 regi
331 916 395 978 pro
417 897 617 961 haereditate
640 917 705 960 sua
722 897 918 979 homagium
938 910 1090 965 suomet

139 995 302 1077 quiequid
316 997 346 1059 ei
363 995 405 1059 de
416 996 496 1079 jure
510 1016 575 1059 suo
591 996 703 1060 lacere
720 999 912 1060 tenebatur.
946 997 1012 1061 Cui
1027 993 1090 1062 ¹re-

138 1094 313 1178 spondens
337 1114 412 1171 rex,
435 1115 498 1176 per
523 1096 705 1158 consilium
724 1095 875 1159 Huberti
901 1099 1088 1162 consiliarii

138 1194 192 1258 sui
219 1212 260 1257 ac
278 1194 476 1277 justiciarii,
505 1195 595 1276 quod
620 1196 778 1258 audierat
805 1215 947 1259 uxorem
971 1195 1088 1261 fratris

137 1293 191 1357 sui
214 1292 368 1358 defuncti
388 1313 464 1357 esse
486 1302 736 1375 praegnantem,
759 1295 850 1357 unde
878 1296 988 1358 noluit
1009 1315 1088 1359 eum

137 1392 269 1468 audire,
310 1392 418 1456 donec
453 1393 502 1455 rei
533 1393 663 1456 veritas
698 1395 927 1477 probaretur;
959 1396 1087 1478 objecit

136 1492 240 1555 etiam
262 1491 372 1555 eidem
396 1492 585 1567 Richardo,
608 1493 699 1573 qnod
726 1501 950 1558 conversatus
974 1494 1088 1558 suerat

136 1589 227 1654 iuter
242 1590 359 1656 hostes
376 1611 458 1656 suos
474 1591 629 1673 publicos
656 1593 690 1654 in
710 1594 867 1675 partibus
883 1593 1086 1670 Gallicanis,

137 1690 228 1754 uude
254 1711 314 1754 rex
336 1691 514 1773 praecepit,
538 1698 577 1754 ut
596 1691 666 1754 cito
687 1691 729 1754 de
750 1711 856 1773 regno
877 1712 944 1756 non
971 1714 1085 1757 rever·

135 1808 236 1853 surus
250 1791 373 1867 exiret,
385 1788 572 1867 affirmans,
585 1789 690 1871 quod,
707 1798 786 1872 post
802 1792 874 1854 dies
889 1793 1084 1872 quindecim

136 1888 198 1970 [si]
216 1890 429 1953 inveniretur
446 1889 482 1952 in
500 1909 618 1971 regno,
640 1889 770 1954 carceri
787 1897 955 1971 perpetuo
972 1892 1086 1954 trade-

134 1995 240 2052 retur.
292 1989 342 2053 At
359 1988 565 2064 Richardus,
581 2008 657 2051 cum
677 1988 770 2051 aliud
787 2008 855 2051 nou
872 1988 1014 2053 haberet
1031 2010 1084 2053 re-

134 2106 312 2169 sponsum,
335 2088 573 2152 transfretavit
588 2089 623 2151 in
642 2087 860 2165 Hiberniam,
883 2089 942 2151 ubi
967 2108 1085 2152 omnes

134 2186 259 2251 milites
281 2195 317 2251 et
334 2188 490 2252 homines
508 2187 625 2251 fratris
651 2189 705 2250 sui
729 2187 825 2250 illum
854 2208 930 2250 cum
956 2189 1084 2269 gaudio

133 2286 338 2368 recipientes
368 2286 589 2350 reddiderunt
618 2288 733 2350 omnia
759 2287 791 2350 ei
817 2287 1083 2369 castellanum

133 2394 232 2450 eraut
248 2386 365 2450 fratris
382 2387 449 2462 sui,
473 2386 738 2468 homagiumque
759 2386 809 2449 illi
824 2406 901 2449 cum
916 2386 1082 2451 fidelitate

132 2483 314 2565 fecerunt3
348 2487 529 2550 castellum
559 2486 662 2549 etiam
695 2485 737 2549 de
765 2484 923 2549 Penbroc
952 2488 988 2548 iu
1018 2507 1082 2551 sua

131 2591 305 2665 potestate
327 2585 507 2666 recipienS,
535 2604 613 2648 cum
638 2592 712 2649 toto
736 2584 865 2648 honore
891 2584 934 2648 ad
954 2586 1081 2649 castel·

131 2681 203 2746 lum
219 2686 425 2766 pertinente,
435 2684 575 2764 collegit
587 2683 840 2747 multitudinem
858 2692 1082 2760 armatomm,

130 2780 367 2848 hereditatem
394 2803 505 2859 suam,
527 2784 630 2847 etiam
657 2783 767 2845 invito
794 2803 886 2864 rege,
912 2783 942 2845 si
966 2802 1080 2846 neces-

129 2881 215 2946 sitas
232 2891 383 2965 cogeret,
401 2882 590 2965 subjugare
599 2883 796 2962 disponens.
835 2880 992 2945 Tandem
1007 2901 1082 2959 rex,

130 2989 266 3046 mutato
292 2983 448 3058 consilio,
481 2989 637 3045 metuens
668 3000 711 3043 ue
739 2999 857 3061 pacem
885 2980 981 3060 regui
1010 2990 1082 3044 tur-

130 3079 241 3156 baret,
259 3080 410 3163 suscepit
436 3081 634 3162 homagium
659 3080 734 3163 ejus
757 3087 793 3143 et
810 3079 1023 3157 fidelitatem,
1046 3089 1081 3145 et

130 3179 162 3242 ei
186 3181 302 3243 omnia
317 3182 400 3265 jura
420 3199 497 3258 sua,
527 3180 626 3245 salvo
654 3178 720 3243 sibi
750 3181 877 3245 relevio
904 3189 1082 3257 consueto,

130 3280 312 3344 oonoessit.

131 3453 220 3534 Quod
227 3452 416 3531 Richardoe,
431 3454 667 3519 Cantaurianos
683 3454 938 3540 archiepiscopus,
950 3454 1081 3518 Romam

213 3580 215 3585 ·
387 3555 575 3639 Μυσίαι
561 3576 596 3618 cn
612 3553 715 3618 redito
730 3552 814 3617 obite.

179 3677 287 3743 Venit
310 3680 375 3744 hoc
400 3687 552 3762 tempore
573 3679 616 3743 ad
642 3679 773 3741 curiam
800 3677 996 3740 Romanam
1017 3672 1081 3735 Ri-
1094 3686 1139 3726 oe·
1093 3687 1248 3784 &lindi

128 3778 289 3856 obardus,
306 3777 566 3842 Cantuariensis
584 3777 877 3858 archiepiscopus,
891 3781 926 3837 et
941 3774 975 3836 in
994 3791 1081 3853 prae·
1066 3787 1229 3835 -crnterburi

128 3878 241 3941 sentia
252 3879 380 3943 domini
399 3878 532 3960 [papae]
548 3879 623 3941 haec
640 3875 821 3959 proposuit
836 3892 913 3955 quae
930 3891 1080 3953 sequun-

162 4081 334 4148 'mennam
350 4080 422 4153 ree]
447 4084 591 4134 ‘Ricardus
617 4085 674 4133 dem
697 4081 871 4131 hereditatem
888 4094 961 4128 suam
977 4093 1081 4138 recupe-

127 4154 296 4204 Mereseullus
298 4170 355 4215 qul
367 4170 413 4217 per
423 4155 543 4217 rnJustam
552 4154 591 4202 dr
617 4168 672 4203 rare
691 4146 849 4216 promeruit?
876 4149 970 4200 Chron.
986 4149 1081 4198 Dunst.

125 4224 328 4274 lationemvulde
339 4225 590 4286 damnificatus,tan·
617 4239 644 4285 p.
654 4228 712 4273 2⁰5.

174 4315 256 4362 von.
275 4315 324 4362 ιν.
908 4313 929 4369 ‘t
