2978 4996
473 430 613 478 enonas
636 431 908 482 nrsronraaun.
1096 421 1163 485 155

240 655 289 718 De
303 655 486 739 quidusdam
502 660 587 723 aionas
601 630 844 725 destitutionibus
859 664 939 747 repis
955 663 1139 748 Anplorena.

260 773 376 841 Ann0¹
397 780 537 843 Domini
553 798 765 844 nccxxvnr.
776 802 838 844 rex
853 781 1048 863 Auglorum
1066 783 1161 846 Hen·
1174 809 1229 848 nn.
1241 810 1296 848 naa

209 877 301 940 ricus
323 878 449 941 festum
472 880 664 943 Dominicae
689 882 882 944 nativitatis
912 881 1003 963 apud
1031 858 1323 948 Ebora-li'ltlllll.

209 995 287 1039 cum
314 977 501 1041 solenniter
524 978 723 1055 celebravit,
746 987 782 1042 et
808 982 964 1061 protinus
994 980 1074 1043 inde
1107 958 1321 1044 re·⁰‘⁸¹⁸⁵¹¹’⁰‘⁰'

209 1075 334 1137 cedens
348 1096 469 1139 versus
485 1076 699 1141 Londouiam
722 1086 816 1141 recto
832 1081 971 1142 tramite
997 1098 1160 1161 propera-

210 1174 272 1236 vit.
326 1174 369 1237 In
396 1175 461 1237 hoc
484 1183 600 1239 autem
624 1176 746 1240 itinere
768 1197 947 1243 mensuras
967 1177 1073 1254 bladi,
1090 1179 1161 1241 vini

209 1280 245 1335 et
267 1272 363 1336 celiae
385 1273 550 1337 falsitatis
573 1293 722 1356 arguens
745 1277 904 1357 quaedam
927 1276 1097 1355 confregit
1126 1285 1160 1340 et

209 1372 410 1434 comburere
435 1373 602 1436 nonnulla
629 1376 807 1456 praecepit,
830 1383 865 1439 et
887 1395 972 1439 vasa
992 1376 1160 1439 substitu-

210 1488 270 1531 ens
286 1471 469 1550 capaciora
491 1492 614 1554 panem
632 1472 774 1556 majoris
797 1476 958 1555 ponderis
979 1475 1053 1537 fieri
1068 1473 1161 1551 fecit,

210 1575 245 1632 et
260 1568 363 1651 hujus
386 1571 511 1633 statuti
534 1579 788 1653 contemptores
810 1593 917 1655 poena
939 1573 1038 1655 gravi
1059 1593 1163 1655 pecu·

210 1667 321 1730 niaria
334 1668 494 1732 mulctari
512 1671 688 1751 praecepit.
840 1662 848 1678 ⁸

260 1766 391 1829 Eodem
409 1774 573 1848 tempore,
592 1788 708 1831 mense
726 1768 749 1831 J
753 1768 908 1842 anuario,
922 1760 1102 1849 ²Rogerus
1119 1770 1162 1833 de
1172 1785 1257 1836 Leaena

1172 1837 1299 1886 coneemlug

210 1863 399 1943 Theoneio,
415 1866 467 1929 vir
483 1867 606 1930 nobilis
623 1875 658 1930 et
671 1868 769 1930 miles
784 1877 957 1940 strenuus,
972 1885 1041 1930 non
1058 1868 1161 1949 longe
1174 1886 1278 1935 nocetne

1173 1937 1273 1983 Tneoney

210 1983 232 2026 a
260 1963 423 2044 Radingo
452 1965 541 2028 diem
569 1966 695 2029 clausit
720 1983 941 2048 supremum
971 1966 1071 2048 cujus
1093 1967 1257 2029 fra-anam

212 2070 264 2125 ter
284 2063 396 2146 major
413 2071 497 2127 natu
521 2064 740 2146 Radulphus,
759 2064 819 2146 qui
835 2071 916 2126 tunc
932 2063 1056 2126 absens
1074 2073 1161 2141 erat,
1173 2035 1262 2089 mm

211 2162 353 2242 cupiens
380 2182 457 2225 cum
480 2163 557 2245 ipso
586 2164 712 2227 habere
737 2163 944 2244 colloquium
976 2171 1162 2244 antequam

211 2261 333 2336 obiret,
361 2280 439 2323 cum
466 2261 687 2326 festinatione
707 2264 802 2325 venit
823 2262 865 2325 ad
898 2281 988 2337 eum,
1016 2263 1076 2324 sed
1102 2262 1160 2325 de·

210 2359 330 2422 functo
353 2358 472 2435 fratre,
495 2379 597 2440 quem
625 2361 771 2424 multum
798 2361 933 2435 dilexit,
958 2362 1159 2442 priusquam

210 2457 353 2534 veniret,
376 2477 439 2521 nec
466 2478 585 2521 vocem
610 2458 645 2521 in
672 2459 733 2522 illo
762 2480 825 2523 nec
849 2478 988 2522 sensum
1013 2461 1159 2524 invonit.

212 2556 419 2638 Radulphus
438 2576 522 2620 vero
545 2557 586 2620 de
611 2557 729 2623 fratris
745 2559 839 2621 obitu
859 2557 960 2622 valde
977 2561 1161 2622 contrista-

211 2663 267 2718 tus
282 2657 389 2736 coepit
405 2675 481 2718 cum
506 2656 589 2720 fletu
607 2665 642 2720 et
658 2657 902 2721 vociferatione
924 2657 1077 2718 maxima
1093 2656 1159 2719 fra-

214 2761 298 2817 trem
309 2755 384 2837 jam
407 2754 606 2818 defunctum
624 2755 850 2838 adjurarent
867 2753 1019 2816 fraterno
1034 2753 1159 2816 ductus

210 2852 335 2916 affectu
359 2872 474 2916 secum
494 2853 716 2934 loqueretur;
742 2871 888 2932 cumque
908 2870 1023 2915 coram
1042 2852 1160 2915 militi-

210 2953 274 3014 bus
295 2951 366 3014 suis
394 2959 430 3014 et
448 2951 524 3015 aliis
549 2951 666 3014 multis
685 2950 904 3015 adstantibus
932 2949 1098 3012 clamores
1124 2959 1158 3014 et

211 3051 466 3114 obsecrationes
491 3051 732 3130 ingeminaret,
763 3048 895 3112 addidit
923 3048 1040 3125 etiam,
1066 3051 1158 3130 quod

210 3168 385 3229 nunquam
413 3149 575 3231 deinceps
599 3149 805 3225 comederet,
830 3148 897 3211 nisi
922 3148 1030 3228 ipsius
1053 3148 1159 3212 collo-

210 3248 292 3329 quio
310 3247 489 3310 frueretur.
543 3247 642 3312 Tunc
666 3255 823 3312 mortuus
848 3247 906 3310 ille
931 3248 967 3309 in
992 3246 1082 3311 lecto
1106 3268 1158 3310 re-

210 3345 325 3408 sidens
345 3346 539 3428 increpavit
559 3347 684 3410 aeriter
704 3347 856 3423 fratrem,
883 3345 976 3428 quod
1000 3347 1158 3428 spiritum

209 3444 284 3526 ejus
328 3445 524 3526 inquietans
562 3446 605 3509 ad
643 3466 768 3528 corpus
804 3446 917 3509 denuo
947 3455 1156 3509 revocasset.

210 3542 338 3619 ‘Jam,’
364 3544 562 3626 inquit,‘et
586 3565 709 3626 poenas
732 3545 801 3608 vidi
825 3544 992 3607 malorum
1016 3551 1051 3606 et
1073 3563 1157 3622 gau-

210 3641 268 3704 dia
295 3643 487 3720 beatorum,
511 3663 643 3707 necnon
673 3644 845 3725 supplicia
870 3659 1009 3721 magna,
1033 3642 1158 3721 quibus

246 3835 337 3887 ¹Aano
360 3840 463 3889 Domini
485 3854 630 3891 nccxxvru.
659 3842 670 3905 ]
696 3842 725 3889 os
740 3839 814 3889 lauds
832 3840 859 3886 iu
877 3837 973 3896 Wales,
992 3836 1158 3899 Devonshire,

208 3910 321 3970 wanting
330 3911 356 3958 iu
371 3912 400 3959 C.
697 3909 804 3958 Norsolk
816 3904 1002 3971 (principally),
1010 3907 1100 3966 Esses,
1108 3908 1158 3954 aad

244 3978 374 4039 ’angerus
385 3981 414 4028 de
427 3979 567 4042 Theonda]
585 3980 616 4027 ln
629 3978 671 4027 the
698 3977 903 4036 Hertl'ordshire;
921 3976 971 4024 and
989 3975 1120 4023 intlre5t11
1133 3976 1162 4024 ol

208 4048 326 4108 Inquisit.
338 4054 505 4108 postmortem
514 4049 564 4098 itis
573 4050 672 4097 noticod
698 4048 809 4096 Edward
822 4047 845 4095 l.
857 4047 880 4093 is
891 4044 1012 4094 recorded
1026 4045 1068 4093 the
1082 4044 1157 4093 death

208 4117 262 4165 tlmt
281 4133 297 4165 a
318 4118 402 4180 Roget
421 4120 454 4167 de
473 4119 572 4178 llrony,
587 4119 612 4166 in
631 4118 672 4167 the
696 4118 725 4166 of
743 4115 895 4177 Radulphus
915 4116 947 4164 de
963 4115 1077 4175 Thonuy‚
1099 4114 1159 4176 selo,

210 4187 269 4235 leth
287 4186 316 4235 ol
330 4187 418 4248 Henry
438 4188 501 4250 111„
512 4189 572 4237 died
589 4188 672 4237 seised
697 4188 781 4239 scieed
792 4186 821 4236 ol
830 4186 903 4236 lauds
915 4187 941 4234 in
952 4184 1150 4235 Hertsonlehire.
