2978 4996
364 456 431 520 220
621 469 754 517 nocnnr
779 469 827 516 nn
851 468 1060 517 wnuuovnn

204 643 260 682 Μ)-
271 645 327 684 ¹²³¹·
368 639 533 694 vacantes
563 629 739 693 custodias
762 627 925 692 comitum
953 634 988 690 et
1006 628 1174 690 baronum
1199 636 1235 692 et
1257 650 1316 694 eo·

367 730 510 793 rundem
541 729 715 792 haeredum
740 727 783 790 ad
814 746 913 789 suam
940 745 1101 789 coronam
1138 729 1317 808 usquead

367 837 506 893 aetatem
539 829 728 909 legitimam
762 827 944 908 pertinere,
976 826 1067 888 unde
1108 825 1173 888 sibi
1213 826 1318 891 licere

367 928 547 1010 proposuit
575 927 663 991 tales
695 925 870 989 custodias
904 924 960 987 cui
989 924 1139 988 voluerit
1165 926 1317 991 vendere

367 1028 423 1091 vel
455 1026 622 1091 conferre.
674 1024 966 1105 Archiepiscopus
991 1043 1085 1099 vero,
1118 1042 1196 1086 cum
1224 1026 1318 1089 aliud

368 1145 570 1207 responsum
599 1124 725 1186 habere
753 1143 822 1188 non
853 1124 979 1204 potuit,
1002 1125 1319 1188 excommunicavit

368 1243 486 1287 omues
515 1225 693 1287 invasores
719 1222 977 1303 possessionum
1002 1221 1261 1302 praedictarum,
1284 1231 1319 1286 et

368 1343 498 1398 omncs,
516 1331 643 1404 praeter
660 1341 787 1402 regem,
805 1321 958 1401 quicum
977 1319 1026 1382 eis
1044 1321 1320 1384 communionem

369 1421 546 1497 habereut,
575 1428 696 1483 ettam
721 1439 784 1502 pro
812 1419 865 1481 his
891 1437 995 1500 quam
1019 1411 1113 1481 ¹aliis
1138 1419 1318 1483 decausis

370 1520 519 1583 Romam
541 1519 716 1602 profectus
729 1519 905 1600 jussuum
923 1525 958 1580 ct
976 1517 1130 1581 ecclcsiae
1148 1536 1223 1580 suae
1241 1538 1320 1600 pro-

369 1620 466 1700 sequi
496 1618 693 1681 maturavit.
746 1617 827 1680 Rex
850 1636 931 1681 vero
955 1636 974 1679 e
997 1623 1129 1692 contra,
1156 1610 1215 1680 ²ut
1237 1637 1321 1681 cau·

369 1736 444 1779 sam
474 1736 572 1780 suam
598 1723 875 1798 prosequeretur,
906 1716 1109 1796 magistrum
1140 1716 1319 1797 Rogerum

370 1816 412 1879 de
431 1815 577 1880 Cantelo
594 1816 743 1879 Romam
762 1834 839 1878 cum
863 1814 940 1877 aliis
957 1813 1163 1895 quibusdam
1187 1817 1319 1879 nuntiis

371 1914 568 1979 destinavit.
622 1916 751 1978 Eodem
777 1922 943 1995 tempore,
966 1932 1083 1976 mense
1105 1911 1232 1994 Aprili,
1256 1934 1319 1978 ex·

371 2015 465 2096 pleta
487 2014 693 2078 solennitate
717 2012 893 2088 Paschali‚
919 2012 1114 2075 Richardus
1135 2012 1244 2075 frater
1266 2033 1320 2076 re·

371 2115 424 2193 gis
453 2115 676 2195 desponsavit
696 2112 906 2176 comitissam
928 2109 1138 2186 Gloveruiae,
1165 2130 1319 2176 sororem

373 2214 504 2275 scilicet
519 2210 681 2275 Willelmi
699 2209 911 2285 Marescalli,
930 2210 1064 2273 comitis
1081 2209 1123 2272 de
1142 2209 1318 2291 Penbroo;

372 2319 418 2387 et,
434 2310 564 2392 nuptiis
582 2310 642 2372 vix
663 2309 855 2390 completis,
871 2309 961 2370 idem
979 2328 1094 2372 comcs
1107 2308 1319 2387 willelmus,

373 2411 408 2471 iu
440 2408 563 2470 militia
596 2409 646 2471 vir
678 2414 851 2482 strenuus
881 2408 917 2470 in
952 2407 1103 2471 dolorem
1131 2408 1319 2473 multorum

372 2508 462 2569 diem
485 2507 608 2571 clausit
632 2526 838 2588 supremum,
862 2513 897 2569 et
921 2505 1109 2569 Londouiis
1128 2507 1223 2588 apud
1247 2508 1319 2571 No-

373 2625 453 2669 vum
471 2605 653 2688 Templum
676 2599 849 2687 ³sepultus
871 2613 924 2668 est
934 2605 1039 2687 juxta
1062 2614 1197 2687 patrem
1217 2626 1318 2670 suum

371 2705 504 2770 decimo
525 2707 670 2787 septimo
696 2703 863 2768 kalendas
880 2704 978 2767 Maii.

418 2879 509 2954 Quod
521 2878 666 2943 Boedinus
682 2879 716 2942 iu
732 2877 853 2943 Walliu
873 2878 1039 2943 crudeliter
1052 2880 1158 2945 sarire
1174 2883 1275 2966 oepit.

209 2996 358 3086 ξζῑῗὲζῗζξω
422 3005 552 3067 Eodem
576 3023 691 3066 meuse
709 3003 806 3066 Maio
823 3002 1019 3066 Walleuses
1041 3004 1084 3067 de
1098 3005 1265 3084 latibulis
1280 3015 1319 3071 ut

373 3104 501 3166 sorices
526 3122 545 3164 e
562 3103 732 3178 cavernis,
756 3110 974 3183 erumpentes
996 3110 1135 3180 terram,
1155 3125 1235 3186 quae
1254 3106 1318 3169 suit

372 3200 538 3264 Willelmi
554 3201 596 3264 de
612 3202 773 3278 Brausia,
789 3201 936 3264 flammis
953 3201 1223 3266 discurrentibus
1241 3224 1317 3268 vas·

372 3306 535 3363 taverunt
550 3318 559 3376 3
584 3300 657 3376 scd,
673 3320 754 3382 rege
771 3299 965 3382 Anglorum
983 3301 1043 3364 illo
1059 3301 1223 3366 tendente
1240 3323 1317 3368 euru

406 3502 527 3555 ¹Au'aue
535 3507 635 3571 cauria]
647 3507 748 3557 Hehad
757 3509 832 3557 aruit
856 3508 1021 3570 archbishops
1038 3510 1087 3557 and
1100 3509 1203 3570 bishops
1214 3510 1245 3558 ol
1253 3511 1320 3572 Eng-

371 3576 425 3624 also
441 3577 541 3637 against
551 3576 593 3625 the
610 3578 724 3626 abbotof
738 3579 764 3627 S.
777 3579 831 3626 Au·
857 3579 926 3639 lund,
936 3580 944 3606 ‘
954 3579 986 3626 de
1002 3593 1051 3625 non
1068 3581 1318 3641 excommunicando,

371 3642 501 3707 gastine’s,
512 3646 570 3696 who
584 3647 685 3695 refused
697 3652 722 3695 to
733 3648 831 3696 receive
856 3648 910 3696 sine
919 3662 997 3695 causa
1006 3647 1148 3707 manifesta,
1151 3651 1318 3711 justiciarius,

370 3717 725 3777 consecrationathishands;
737 3715 831 3766 Chron.
856 3718 1015 3765 vicecomites
1031 3722 1057 3765 et
1072 3718 1180 3767 ballivos
1197 3717 1283 3783 regis:
1300 3721 1316 3768 i.

371 3785 465 3834 Duust.
478 3802 503 3847 p.
516 3790 574 3835 2⁰3.
856 3802 882 3847 p.
894 3789 952 3834 200.

407 3853 464 3903 'Ut
480 3870 576 3903 caurum
595 3869 663 3902 suom
679 3868 831 3917 prosequm·
891 3852 1044 3918 'SepulturJ
1057 3856 1107 3904 His
1115 3858 1220 3919 epitaph
1230 3858 1317 3906 lethus

372 3918 434 3991 turn]
454 3926 479 3973 lt
495 3924 582 3974 would
604 3938 700 3985 appear
717 3923 772 3971 thet
788 3923 831 3972 tlre
855 3925 975 3973 recorded
987 3927 1013 3973 iu
1025 3927 1067 3974 the
1076 3926 1168 3974 Auunl.
1178 3928 1306 3976 Wuverl:

371 3994 442 4055 ling,
463 4000 488 4044 to
508 4009 524 4042 a
545 3994 640 4042 ccrtaiu
662 3997 757 4053 extent,
775 4008 831 4042 was
855 3994 966 4042 ‘Militis
977 3996 1051 4043 istius
1068 4000 1172 4044 mortem
1185 3997 1256 4047 dolet
1268 3999 1318 4046 An·

371 4063 513 4112 successful
525 4065 549 4113 in
561 4064 601 4112 his
618 4063 679 4123 suit,
691 4063 728 4111 lor
739 4063 765 4110 in
778 4063 831 4123 liy·
928 4064 995 4125 glia3
1014 4064 1078 4112 ridet

370 4147 423 4181 mer
440 4134 483 4181 the
501 4135 590 4181 rcader
607 4147 663 4193 may
677 4133 727 4180 liud
744 4147 760 4181 u
777 4133 830 4180 bull
874 4134 967 4182 Wallia
981 4134 1088 4183 viventis
1105 4134 1173 4182 bellu
1190 4136 1318 4198 minusque

370 4202 399 4249 of
425 4202 549 4264 Gregory,
577 4202 715 4251 addressed
739 4206 764 4253 to
788 4201 831 4251 the
925 4197 1031 4253 timeus.⁸
