2978 4996
366 443 432 508 330
610 457 745 506 nocant
771 457 818 504 ns
841 455 1050 504 wnunovnn

209 632 264 672 aa.
277 633 332 699 ¹²³÷·
369 621 459 689 sent,
475 613 541 676 nisi
555 612 761 676 occurrisset
775 611 825 674 eis
840 610 914 675 haec
931 611 1071 690 tabula;
1095 613 1160 677 nisi
1180 635 1242 696 per
1256 615 1321 682 boc

209 683 354 772 {zirimitis
370 713 622 794 compendium,
649 711 722 775 suis
742 710 865 792 positis
880 731 943 793 pro
961 710 1100 775 Christo
1124 715 1322 794 animabus,

211 784 309 822 '‘⁰¹⁸⁶’'
371 813 599 876 consummati
622 811 790 875 brevitate
813 811 997 874 multorum
1016 819 1212 894 temporum
1240 835 1323 897 spa·

371 912 421 976 tia
443 911 719 992 complevissent.
772 909 878 973 Multi
899 911 1003 986 enim,
1028 911 1185 976 invenire
1208 913 1323 978 locum

372 1012 431 1073 ubi
450 1018 621 1074 steterunt
643 1009 748 1091 pedes
774 1008 915 1072 Domini
941 1009 1131 1091 cupientes,
1153 1013 1252 1094 prins
1278 1014 1321 1078 ad

372 1111 529 1173 bravium
555 1109 629 1172 sine
657 1128 772 1184 cursu,
798 1115 833 1172 et
855 1109 966 1189 primo
989 1107 1033 1172 ad
1060 1128 1223 1174 coronam
1247 1114 1323 1178 sine

372 1208 489 1290 gladio
503 1216 756 1290 pervenerunt;
780 1205 848 1270 Illo
870 1227 970 1270 suum
993 1218 1236 1274 remunerante
1258 1212 1324 1276 mi·

372 1308 480 1384 litem,
502 1308 562 1388 qui
586 1307 695 1370 solam
718 1307 755 1370 in
776 1306 951 1370 oblatione
973 1307 1171 1371 considerat
1192 1310 1320 1374 volun·

373 1415 491 1470 tatem.
545 1405 621 1468 Nos
648 1412 776 1481 autem,
794 1403 837 1467 de
859 1406 1105 1486 omnipotentis
1127 1407 1196 1471 Dei
1219 1410 1324 1475 mise-

372 1505 520 1568 ricordia
542 1512 578 1567 et
592 1504 770 1567 beatorum
792 1503 888 1568 Petri
903 1512 939 1568 et
957 1504 1060 1568 Pauli
1082 1506 1323 1587 apostolorum

374 1604 450 1685 ejus
484 1602 692 1667 auctoritate
728 1603 861 1678 confisi,
896 1623 941 1667 ex
977 1603 1038 1667 illa
1070 1623 1175 1686 quam
1208 1608 1322 1686 nobis,

374 1703 453 1765 licet
471 1701 635 1782 indignis,
652 1701 750 1765 Deus
773 1701 905 1783 ligandi
932 1711 1038 1784 atque
1060 1703 1217 1768 solvendi
1240 1725 1323 1770 con·

374 1803 455 1865 tulit
470 1808 690 1883 potestatem,
714 1801 884 1877 omnibus,
900 1801 959 1884 qui
981 1801 1133 1865 laborem
1155 1803 1262 1867 istum
1286 1806 1322 1869 in

373 1902 521 1985 propriis
544 1902 700 1982 personis
720 1909 755 1964 et
769 1901 963 1982 sumptibus
986 1901 1166 1976 subierint,
1183 1903 1239 1965 vel
1262 1904 1323 1986 qui

375 2002 466 2064 viros
490 2000 630 2064 idoneos
653 2019 732 2063 cum
751 1999 823 2063 suis
845 2001 1006 2081 expensis
1029 2019 1092 2083 pro
1114 2021 1152 2064 se
1170 2000 1323 2067 destina·

374 2102 498 2176 verint,
515 2099 574 2162 sed
593 2107 628 2162 et
644 2098 725 2175 illis,
741 2099 801 2180 qui
816 2099 852 2162 in
869 2099 990 2162 alienis
1008 2100 1170 2180 expensis
1186 2101 1223 2163 iu
1240 2120 1322 2182 pro·

374 2200 458 2280 priis
482 2199 638 2279 personis
656 2197 877 2275 accesserint,
897 2198 954 2261 vel
976 2198 1035 2280 qui
1059 2198 1102 2262 de
1124 2199 1226 2262 bonis
1247 2203 1322 2266 suis

374 2298 418 2360 ad
452 2297 713 2361 subventionem
736 2305 839 2361 terrae
866 2306 998 2360 sanctae
1023 2316 1175 2378 congrue
1202 2299 1323 2364 minis·

375 2397 554 2470 traverint,
578 2403 639 2459 aut
655 2397 714 2477 qui
739 2396 831 2460 circa
853 2396 1019 2478 praedicta
1040 2398 1182 2479 negotia
1207 2401 1323 2463 consi-

374 2495 457 2557 lium
471 2495 527 2557 vel
544 2495 712 2558 auxilium
728 2504 960 2578 opportunum
985 2496 1227 2579 impenderint,
1248 2500 1324 2580 ple·

374 2614 453 2657 nam
480 2614 618 2657 suorum
648 2596 897 2676 peccaminum,
929 2594 972 2658 de
1000 2596 1125 2678 quibus
1151 2599 1323 2663 veraciter

297 2775 303 2784 .
375 2695 503 2758 fuerint
517 2694 618 2757 corde
641 2695 778 2760 contriti
806 2701 841 2758 at
857 2714 916 2759 ore
933 2696 1091 2772 confessi,
1107 2696 1245 2760 veniam
1267 2698 1322 2760 in·

375 2794 567 2876 dulgemus.
620 2793 812 2858 Statuimus
828 2795 944 2870 etiam,
960 2802 999 2858 ut
1014 2814 1146 2872 omnes,
1160 2796 1235 2859 sive
1251 2797 1322 2861 cle-

376 2895 437 2958 rici
457 2896 531 2958 sive
550 2893 641 2970 laici,
664 2901 743 2976 post
759 2913 894 2958 crucem
917 2902 1132 2976 assumptam
1145 2896 1211 2959 sub
1229 2897 1324 2961 beati

377 2993 474 3058 Petri
490 3013 531 3057 ao
548 3001 668 3057 nostra
687 2994 900 3075 protectione
918 2993 1030 3057 securi
1044 3001 1211 3058 eteorum
1229 2996 1323 3060 bona

376 3095 491 3157 omnia
521 3100 757 3176 permaneant,
785 3113 918 3157 necnon
949 3094 1014 3156 sub
1050 3093 1325 3178 archiepiscopo-

376 3211 463 3267 rum,
492 3193 731 3274 episooporum
764 3200 799 3257 et
820 3193 972 3255 omnium
1014 3192 1168 3256 ecclesiae
1199 3195 1326 3277 praela-

376 3297 490 3353 torum
519 3289 717 3355 defensione
741 3291 944 3368 consistant,
973 3290 1082 3356 donec
1103 3291 1147 3355 de
1168 3293 1324 3374 ipsorum

376 3389 473 3451 obitu
491 3390 546 3453 vel
569 3391 682 3455 reditu
705 3391 894 3456 certissime
916 3399 1169 3473 cognoscatur;
1195 3393 1233 3455 in
1253 3411 1324 3474 quo

376 3488 496 3570 utique
513 3491 660 3553 termino
678 3490 793 3554 nullus
811 3510 912 3554 cruce
934 3492 1105 3571 signatus,
1127 3491 1202 3553 sive
1220 3510 1242 3554 a
1256 3490 1281 3555 J
1285 3511 1326 3556 u·

376 3587 461 3652 daeis
486 3589 560 3652 sive
578 3609 599 3652 a
616 3589 835 3666 Christianis,
852 3590 897 3653 ad
917 3589 1173 3672 praestationem
1204 3609 1326 3656 usura·

377 3708 452 3751 rum
469 3689 707 3772 compellatur.
744 3689 875 3753 Datum
890 3688 1035 3770 Spoleti,
1051 3689 1202 3754 seeundo
1214 3709 1327 3755 nouas

375 3787 598 3871 Septembris,
609 3788 832 3871 pontificatus
850 3789 958 3852 nostri
971 3807 1063 3852 anno
1079 3788 1229 3854 octavo!
1254 3788 1324 3854 As-

373 3889 503 3970 signati
530 3895 611 3952 sunt
628 3895 743 3951 autem
767 3888 1011 3971 praedicatores
1028 3907 1051 3952 a
1066 3888 1206 3952 domino
1232 3908 1326 3973 papa

374 3989 410 4051 in
436 4007 524 4071 opus
551 3988 662 4051 crucis
689 4008 750 4071 per
775 3990 891 4052 orbem
914 3989 1112 4053 universum
1130 3987 1256 4053 iratres
1281 3989 1325 4055 de

373 4088 492 4152 ordine
519 4087 694 4151 Minorum
719 4107 760 4151 ac
788 4087 1073 4165 Praedicatorum,
1096 4107 1174 4151 cum
1196 4090 1326 4171 magis-

375 4189 437 4250 tris
460 4190 494 4251 in
514 4187 690 4269 theologia
713 4187 886 4270 perfectis
909 4189 1021 4271 quiin
1046 4207 1133 4272 opus
1151 4189 1325 4275 evangelii
