2978 4996
371 420 437 483 224
624 432 758 479 noorai
784 432 829 479 on
854 431 1062 480 wnunovnn

371 671 420 732 Do
435 669 549 754 treugis
563 668 688 732 statutio
703 668 784 730 inter
799 688 880 750 repes
890 667 1090 730 Francorum
1101 677 1128 731 et
1139 669 1326 754 Anylomrm.

211 813 333 872 noma.
435 791 537 855 Circa
552 792 689 854 eosdem
710 789 795 864 dies,
815 809 931 852 mense
952 790 974 852 J
980 791 1072 867 nnio,
1093 811 1155 856 rex
1173 793 1326 860 Franco·

210 863 338 952 iiilief'nh
373 911 448 953 rum
473 891 646 973 promovit
672 890 862 952 exercitum
887 889 1078 970 copiosum,
1104 899 1143 954 ut
1169 890 1325 958 Armori-

373 1010 494 1054 eanam
521 990 736 1053 Britanniam
764 997 1005 1070 expugnaret3
1040 990 1113 1066 sed,
1141 1010 1221 1054 cum
1249 994 1324 1076 eJ‘us

374 1090 561 1153 adventum
578 1088 753 1152 Henricus
770 1088 960 1150 Britannice
976 1096 1012 1150 et
1024 1088 1234 1172 Rannlphus
1245 1090 1325 1156 Ces·

374 1191 450 1252 triae
480 1189 633 1263 comites,
662 1189 722 1268 qui
749 1187 785 1249 in
814 1185 940 1250 tinibus
970 1187 1039 1250 iilis
1069 1189 1202 1252 miiitiae
1234 1194 1325 1274 regis

375 1287 567 1370 Anglorum
589 1293 772 1368 praeerant,
794 1287 1051 1367 cognovissent,
1074 1289 1148 1367 regi
1179 1309 1325 1370 parave-

374 1395 454 1450 runt
470 1386 611 1449 insidias
630 1384 794 1460 venienti,
817 1392 853 1448 et
876 1402 898 1447 a
922 1392 1020 1467 tergo
1044 1387 1169 1450 rhedas
1192 1389 1269 1472 ejus
1291 1399 1326 1455 et

375 1485 545 1560 vehicula,
576 1503 654 1565 quae
678 1503 776 1546 arma
799 1483 955 1548 serebant
986 1505 1063 1547 enm
1092 1480 1267 1552 alimentis
1290 1498 1325 1553 et

375 1584 555 1659 niachinis,
593 1583 797 1646 invadentes
835 1591 1002 1664 oeperunt
1032 1585 1159 1661 omnia,
1192 1594 1229 1649 et
1255 1607 1324 1651 ma·

374 1684 494 1746 chinus
527 1683 608 1763 igne
642 1689 901 1745 concremantes
933 1682 1056 1746 lucrati
1082 1692 1164 1747 sunt
1197 1686 1323 1750 ibidem

374 1803 482 1864 equos
507 1782 703 1863 sexaginta.
750 1780 885 1845 Deinde
918 1781 1056 1858 Franci,
1079 1802 1156 1846 curn
1183 1784 1325 1849 Britan·

375 1883 466 1946 niam
491 1888 739 1962 cognoscerent
759 1881 858 1961 qnasi
881 1881 1198 1962 inexpugnabilem,
1221 1884 1324 1948 simul

375 1991 409 2044 et
431 1981 542 2045 debile
570 1980 775 2062 principium
796 1998 896 2041 suum
923 1979 1089 2043 habentes
1113 1991 1325 2063 suspectum,

374 2081 639 2163 procurantibus
665 2099 710 2141 ex
736 2084 835 2160 parte
864 2079 956 2159 regis
974 2079 1187 2143 Francorum
1211 2083 1325 2147 arehi-

375 2180 537 2261 episcopo
553 2178 718 2241 Romensi
734 2184 770 2241 et
782 2176 945 2260 Philippo
959 2179 1084 2242 comite
1100 2180 1325 2259 Bononiensi,

374 2287 481 2360 atque
496 2297 540 2340 ex
558 2285 656 2358 parte
671 2277 764 2357 regis
775 2274 968 2356 Angiorum
987 2278 1170 2341 comitibus
1185 2279 1326 2345 Britan·

375 2378 440 2439 niae
467 2383 502 2439 et
529 2374 673 2439 Cestriae
693 2376 729 2437 in
753 2375 818 2438 boc
838 2377 1143 2453 consentientibus
1164 2371 1325 2444 ¹statutae

374 2482 456 2537 sunit
471 2483 603 2556 treugae
617 2482 651 2538 et
663 2475 861 2557 juramento
873 2474 1018 2539 firmatae
1033 2477 1222 2541 triennales
1237 2478 1326 2544 inter

374 2573 485 2637 dictos
508 2593 607 2655 reges
631 2575 733 2638 tertio
759 2593 868 2638 nonas
893 2574 916 2636 J
920 2574 990 2637 ulii.
1044 2575 1174 2639 Eodem
1208 2597 1325 2643 mense

374 2674 397 2736 J
401 2674 471 2736 ulio
497 2674 636 2750 Petrus,
656 2672 906 2737 Wintoniensis
935 2674 1127 2756 episcopus,
1152 2677 1325 2759 completo

375 2775 410 2836 in
434 2781 526 2837 terra
549 2773 786 2855 promissionis
798 2772 872 2855 jam
888 2773 1035 2856 fereper
1051 2775 1324 2857 quinquennium

374 2873 567 2953 magnificae
594 2872 880 2955 peregrinationis
905 2881 1000 2949 voto,
1023 2893 1182 2937 reversus
1209 2877 1323 2939 estin

375 2972 551 3053 Angiiam,
574 2980 609 3035 et
630 2973 666 3035 in
689 2971 847 3034 kalendis
863 2969 1016 3053 Augusti
1037 2972 1228 3038 Wintoniae
1248 2994 1324 3039 sus·

375 3080 496 3153 ceptus
522 3078 575 3133 est
603 3090 681 3133 cum
711 3071 930 3152 processione
960 3071 1093 3135 solenni
1119 3073 1156 3135 in
1178 3074 1325 3138 ecclesia

374 3170 576 3233 cathedrali.
611 3163 810 3233 ²Venerunt
825 3169 944 3234 eodem
960 3179 1126 3253 tempore,
1141 3180 1222 3255 post
1232 3183 1323 3238 tren·

375 3287 439 3350 gas
463 3276 625 3345 statutae,
644 3289 758 3332 comes
773 3269 965 3332 Britanniae
980 3279 1015 3333 et
1032 3290 1147 3335 comes
1165 3270 1322 3349 Castricio,

375 3387 454 3430 enm
495 3367 670 3431 Richardo
711 3368 931 3445 Marescallo,
970 3390 1015 3433 ex
1051 3370 1176 3434 finibus
1210 3379 1322 3436 trans·

376 3468 516 3530 marinis
544 3467 579 3530 iu
608 3467 785 3549 Angliam,
821 3475 856 3531 et
889 3467 933 3530 ad
965 3488 1080 3550 regem
1113 3470 1260 3551 proiecti
1288 3472 1323 3534 iu

375 3565 551 3644 Waiiiam,
566 3568 625 3649 qui
643 3567 755 3629 adbuc
769 3568 1003 3649 occupabatur
1017 3569 1053 3631 in
1069 3571 1324 3634 oonstmctione

411 3771 834 3836 ¹Stotntoerunttrrugoe.]1aettem
894 3772 1066 3844 tumme]
1092 3778 1184 3828 Before
1203 3779 1271 3830 their
1287 3794 1325 3830 re·

374 3844 584 3905 plenipotentiary
596 3843 634 3891 sor
650 3844 802 3905 concluding
818 3860 835 3892 a
857 3852 926 3907 turn,
937 3861 970 3894 an
980 3846 1033 3907 nid,
1044 3862 1060 3896 a
1071 3848 1173 3896 fortieth
1184 3854 1243 3910 part
1253 3850 1282 3900 os
1288 3848 1321 3898 ull

374 3913 514 3962 trucewith
522 3914 617 3962 Franco
625 3911 742 3961 hadbeen
751 3918 835 3975 grant·
858 3916 900 3964 the
923 3916 1066 3965 moveableo
1090 3917 1120 3966 oi
1143 3917 1186 3966 the
1208 3919 1322 3980 nobility,

373 3982 555 4031 cdtotbeearl
573 3981 602 4030 os
615 3981 767 4031 cornuallia
784 3983 834 4031 and
858 3986 931 4046 loity,
953 3985 1004 4034 and
1026 3987 1129 4048 regular
1151 3987 1202 4035 ond
1225 3988 1322 4038 secula

373 4051 467 4111 others,
481 4052 557 4100 dated
577 4051 620 4099 oth
639 4051 669 4099 oi
687 4034 843 4114 Septemb&
858 4056 954 4116 clergy,
966 4054 1018 4104 had
1029 4055 1093 4105 been
1105 4056 1212 4117 wanted
1224 4058 1260 4118 by
1270 4057 1324 4108 uni·

375 4123 456 4180 lnto;
475 4121 577 4184 Bymer,
588 4122 606 4170 i.
618 4135 644 4181 p.
657 4125 714 4173 198.
859 4124 942 4173 vernol
958 4129 1081 4185 consent3
1102 4124 1179 4174 close
1195 4126 1279 4192 Bello,
1293 4130 1322 4176 ln

859 4193 1004 4255 Hen.111.;
1024 4194 1111 4256 ome,
1122 4199 1201 4256 pto.
