2978 4996
426 431 471 497 68
685 443 818 493 nocem
844 443 891 490 ns
914 440 1122 490 wsuoovnn

267 616 389 655 nnnm.
428 602 505 665 dem
529 601 602 683 regi
630 607 665 663 et
689 600 783 683 patri
814 619 877 663 suo
905 600 940 663 in
966 619 1093 681 guerra
1116 618 1182 662 sua
1209 597 1379 663 servierat

429 700 575 765 fideliter
606 719 646 763 ac
680 707 865 781 potenter;
906 699 1033 762 milites
1061 699 1166 763 etiam
1195 717 1315 761 omnes
1342 705 1378 761 et

429 798 618 864 servientes
655 799 729 861 sine
763 818 870 880 poena
899 806 934 862 et
963 798 1197 880 redemptione
1227 797 1378 861 relaxati

429 907 512 963 sunt
527 918 549 963 a
565 917 657 979 rege,
675 896 734 979 qui
755 899 941 978 pessimum
958 897 1035 961 aliis
1057 897 1152 960 dedit
1167 896 1378 979 exemplum,

430 1004 608 1061 utcontra
629 1016 707 1060 eum
730 995 795 1060 bac
819 996 945 1060 fiducia
968 996 1004 1059 in
1030 1015 1112 1060 casu
1135 995 1304 1058 consimili
1326 1014 1382 1057 re·

430 1097 608 1160 bellarent.

502 1268 552 1331 De
566 1269 749 1333 amasiam
763 1268 843 1331 iuter
856 1266 1062 1344 Riclurdmm
1078 1265 1309 1332 Douelmem

638 1368 820 1450 episcopum,
834 1376 863 1429 ct
878 1367 1037 1430 murarios
1051 1375 1168 1430 morta

270 1503 442 1602 amq&
497 1489 569 1551 Sub
597 1489 651 1551 bis
683 1489 831 1571 denique
866 1488 987 1552 diebus
1017 1496 1141 1552 exorta
1166 1495 1221 1551 est
1252 1504 1381 1568 magna

271 1603 396 1693 mxc:
432 1594 523 1651 rnter
546 1587 757 1651 Richardum
779 1587 821 1650 de
845 1587 1010 1664 Matisco,
1025 1588 1223 1671 episcopum
1247 1585 1380 1649 Dunel-

269 1703 403 1743 numm
433 1706 597 1763 mensem,
619 1693 654 1750 et
671 1686 822 1770 ejusdem
844 1686 999 1750 ecclesiae
1021 1686 1208 1750 monachos
1231 1678 1380 1748 ¹dissen-

433 1786 485 1849 sio
507 1804 570 1868 pro
596 1786 800 1868 quibusdam
827 1785 1043 1849 libertatibus
1072 1783 1223 1867 antiquis
1245 1791 1281 1847 et
1300 1802 1382 1847 con-

433 1884 686 1962 suetudinibus,
703 1903 789 1967 quas
813 1882 914 1947 iidem
937 1884 1096 1948 monachi
1113 1903 1151 1947 se
1168 1883 1280 1964 gavisi
1298 1889 1381 1947 sunt

433 1984 552 2048 multis
586 1993 678 2048 retro
707 1983 918 2066 temporibus
948 1982 1120 2047 babuisse.
1187 1981 1382 2064 Episcopus

434 2090 550 2147 autem
581 2082 817 2146 fraudulenter
847 2081 1024 2144 monacbis
1057 2080 1267 2162 significavit
1290 2100 1381 2163 prae-

435 2182 547 2258 dictis,
570 2188 610 2244 ut
632 2180 789 2245 venirent
814 2180 858 2243 ad
884 2199 962 2243 cum
988 2200 1067 2243 cum
1096 2179 1286 2262 privilegiis
1308 2179 1381 2242 suis

436 2287 471 2344 et
495 2279 649 2343 ecclesiae
678 2298 751 2342 suae
778 2279 1029 2354 instrumentis,
1058 2285 1109 2355 ut,
1130 2277 1243 2360 siquid
1268 2278 1304 2340 in
1331 2278 1383 2341 eis

436 2385 528 2441 esset
551 2376 792 2458 corrigendum
818 2376 860 2440 ad
886 2377 1072 2458 perlectam
1100 2396 1219 2440 eorum
1245 2376 1383 2440 liberta-

436 2484 517 2551 tem,
543 2475 653 2557 ipsius
685 2476 827 2539 arbitrio
856 2475 1094 2557 suppleretur;
1126 2475 1219 2557 prior
1239 2494 1321 2538 vero
1348 2481 1384 2538 et

436 2575 604 2650 monachi,
632 2573 787 2638 fraudem
808 2575 960 2656 episcopi
984 2574 1150 2638 babentes
1175 2580 1381 2655 suspectam,

343 2660 347 2667 ’
435 2675 665 2737 instrumenta
691 2693 756 2737 sua
779 2674 810 2738 ei
835 2673 1034 2737 nullatenus
1061 2672 1242 2737 ostendere
1264 2672 1383 2736 volue-

434 2781 527 2837 runt.
591 2772 784 2855 Episcopus
820 2773 949 2854 itaque,
981 2791 1058 2835 curn
1090 2771 1383 2835 munimentorum

433 2872 683 2954 inspectionem
713 2872 839 2935 babere
872 2890 939 2934 non
974 2871 1100 2953 potuit,
1127 2870 1262 2953 juravit
1288 2870 1381 2952 quod

435 2973 550 3035 omnia
579 2973 671 3034 bona
700 2990 818 3034 eorum
852 2971 889 3032 in
923 2989 1006 3032 usus
1040 2988 1122 3033 suos
1154 2975 1382 3043 converteret,

435 3069 600 3151 adjiciens
626 3067 731 3149 quod,
759 3069 790 3130 si
818 3068 968 3150 aliquem
1000 3088 1046 3132 ex
1076 3068 1252 3132 monacbis
1280 3076 1382 3132 extra

434 3174 554 3248 portas
588 3167 693 3229 curiae
722 3185 796 3230 suae
829 3168 1011 3244 inveniret,
1045 3187 1114 3231 non
1144 3167 1248 3230 aliam
1279 3186 1382 3249 quam

435 3272 541 3346 caput
570 3263 838 3345 redemptionem
872 3267 1068 3348 acciperet;
1098 3266 1233 3349 juravit
1265 3266 1382 3342 etiam,

436 3362 654 3426 audientibus
672 3364 802 3438 multis,
818 3366 923 3446 quod,
940 3385 982 3429 eo
999 3365 1147 3441 vivente,
1171 3383 1290 3447 pacem
1308 3364 1384 3427 Du·

436 3463 619 3525 belmensis
652 3463 798 3527 ecclesia
835 3484 903 3528 non
940 3464 1092 3527 baberet.
1169 3463 1245 3527 Neo
1275 3462 1385 3527 multo

437 3568 528 3642 post,
552 3580 630 3624 cum
658 3563 846 3626 servientes
872 3562 1025 3645 episcopi
1049 3562 1255 3625 monachum
1276 3582 1384 3645 quen·

437 3659 516 3724 dam
541 3662 585 3723 ab
610 3660 755 3724 ecclesia
772 3661 923 3744 quadam
945 3661 1115 3725 violenter
1136 3660 1385 3737 extraxissent,

437 3760 605 3822 monacho
634 3762 857 3841 conquerenti
885 3768 921 3824 et
949 3780 1054 3842 super
1075 3760 1140 3823 boc
1168 3778 1284 3824 coram
1313 3761 1385 3842 epi-

436 3876 541 3940 scopo
567 3859 742 3940 querelam
775 3858 958 3941 deponenti
987 3858 1163 3941 respondit
1190 3859 1386 3941 episcopus,

436 3958 529 4037 quod
551 3956 672 4020 melius
696 3957 858 4021 fecissent
875 3958 1022 4021 ministri
1045 3959 1076 4020 si
1096 3958 1301 4021 monachum
1326 3977 1384 4021 oc·

471 4125 643 4191 wismaria]
667 4131 727 4178 ‘Eo
746 4132 814 4192 quod
831 4137 898 4181 esset
924 4138 1008 4180 cretus
1024 4138 1050 4180 et
1060 4132 1183 4192 prodigus
1201 4132 1387 4197 dilapidaton'

436 4196 584 4245 substantia
608 4199 788 4249 ecclesiasticae
819 4201 898 4250 iudis-
925 4202 989 4250 Mat.
1002 4201 1083 4250 West.
1094 4216 1120 4261 p.
1133 4205 1191 4250 11⁰.
