2978 4996
469 411 607 459 neonus
630 412 899 459 nrsroninnuu.
1093 396 1158 460 149

207 566 450 630 municationis
470 569 505 632 iu
532 570 597 633 hoc
620 571 783 651 passagio
804 570 1007 651 praescripto
1023 587 1045 631 a
1067 587 1159 650 papa
1170 583 1225 623 sn·
1237 581 1293 622 1²²⁷·

210 666 391 728 terminum
422 667 554 744 habuit,
583 675 622 731 ut
647 676 730 732 vota
763 668 1050 750 peregrinationis
1081 687 1157 748 per·

207 763 370 841 solveret,
394 767 438 828 ad
466 760 580 830 ¹mare
606 767 897 830 Mediterraneum
917 766 1058 829 veniens
1080 785 1158 828 cum

207 879 316 942 parvo
343 865 509 928 comitatu
540 885 647 929 naves
675 866 856 942 ascendit3
892 864 952 927 sed
975 874 1158 945 postquam

207 961 441 1040 pertriduum
470 963 513 1027 ad
543 973 668 1028 terram
695 964 931 1046 promissionis
951 962 1091 1025 tendere
1110 963 1158 1024 vi-

209 1058 358 1136 deretur,
391 1062 480 1125 dixit
502 1083 539 1124 se
565 1064 680 1125 subita
708 1062 907 1125 infirmitate
937 1069 1159 1143 praereptum,

208 1157 259 1219 ita
278 1160 371 1239 quod
398 1162 503 1224 maris
524 1161 760 1243 intemperiem
787 1160 888 1223 simul
914 1168 948 1223 et
971 1161 1061 1223 aeris
1084 1178 1160 1222 cor-

210 1258 404 1338 ruptionem
433 1279 502 1322 non
529 1261 644 1342 potuit
665 1261 786 1323 mortis
812 1260 1006 1322 discrimine
1028 1258 1159 1321 diutius

209 1356 391 1433 sustinere,
422 1360 513 1421 unde
549 1360 687 1422 retortis
714 1359 800 1421 velis
831 1359 875 1421 ad
907 1366 1057 1440 portum,
1090 1376 1159 1437 quo

208 1472 303 1517 mare
330 1456 507 1536 ingressus
532 1457 656 1534 fuerat,
680 1465 759 1538 post
780 1465 850 1520 tres
873 1458 946 1519 dies
967 1456 1158 1538 applicuit3

209 1559 256 1627 et,
275 1552 327 1615 his
342 1554 392 1618 ita
408 1557 528 1636 gestis,
546 1557 730 1637 peregrini,
743 1557 803 1637 qui
818 1576 862 1618 ex
880 1556 1024 1619 diversis
1042 1553 1160 1617 mundi

210 1652 366 1731 partibus
389 1653 431 1715 ad
451 1661 576 1718 terram
594 1663 751 1718 sanctam
773 1657 886 1735 ipsum
908 1659 1159 1735 praevenerant,

212 1758 391 1830 sperantes
414 1752 510 1815 illum
533 1752 654 1816 ducem
678 1753 804 1816 habere
826 1760 861 1815 et
883 1752 1095 1814 defensorem
1117 1751 1159 1813 ad

211 1849 321 1912 crucis
347 1849 504 1915 inimicos
530 1851 762 1926 debellandos,
786 1870 864 1912 cum
891 1850 1069 1912 audissent
1088 1849 1160 1911 dic·

213 1952 285 2010 tum
307 1948 548 2030 imperatorem
575 1952 608 2013 in
631 1951 692 2013 iilo
714 1949 868 2030 Augusti
891 1949 1018 2010 mensis
1042 1965 1160 2028 passa-

212 2047 281 2125 gio,
304 2047 394 2111 sicut
411 2050 628 2130 promiserat,
658 2069 727 2112 non
751 2048 898 2122 venisse,
920 2046 1035 2108 animo
1059 2045 1160 2108 nimis

212 2149 425 2211 consternati
452 2148 488 2210 iu
513 2148 641 2212 eisdem
669 2148 827 2222 navibuS,
850 2147 885 2208 in
912 2145 1037 2227 quibus
1060 2162 1162 2206 vene·

212 2251 304 2320 rant,
333 2245 516 2328 plusquam
545 2246 778 2329 quadraginta
809 2251 1020 2308 armatorum
1052 2241 1161 2305 millia

213 2351 293 2405 sunt
313 2347 462 2424 reversi3
490 2347 582 2427 quod
607 2345 735 2409 factum
758 2344 974 2426 imperatoris
997 2343 1161 2405 damnose

215 2442 315 2504 nimis
343 2443 551 2507 redundavit
576 2446 611 2507 in
635 2444 783 2507 dedecus
806 2450 842 2506 et
861 2443 896 2506 in
925 2440 1161 2525 praejudicium

214 2540 322 2603 totius
356 2544 486 2623 negotii
512 2542 690 2607 crucifixi.
743 2542 798 2605 Ob
821 2541 910 2604 hane
937 2549 1051 2603 autem
1079 2559 1161 2602 cau-

211 2656 298 2715 sam,
317 2640 423 2722 juxta
444 2643 630 2705 multorum
651 2642 858 2723 opinionem,
879 2638 1030 2702 ostendit
1050 2657 1100 2713 sa,
1123 2644 1163 2700 ut

215 2738 416 2819 praedictum
444 2748 509 2817 est,
532 2741 649 2803 mundi
676 2740 839 2803 Salvator
863 2738 899 2799 in
929 2756 1029 2798 cruce
1054 2734 1162 2797 clavis

214 2837 390 2900 confixum
413 2846 448 2902 et
471 2859 592 2903 cruore
616 2856 838 2920 conspersum
866 2834 994 2916 populo
1015 2832 1162 2896 Christi·

217 2955 296 3012 ano,
327 2939 427 3017 quasi
460 2938 606 3019 singulis
642 2945 677 3001 et
707 2935 877 2999 universis
905 2952 1009 3014 super
1036 2931 1164 3013 injuria

215 3035 280 3097 sibi
298 3036 341 3098 ab
359 3036 566 3117 imperatore
585 3037 684 3101 illata
700 3035 875 3118 querelam
896 3032 1081 3112 deponens.

258 3205 309 3270 De
322 3218 416 3273 morte
423 3211 559 3294 fratres,
576 3212 630 3297 qui
646 3211 784 3275 ordinem
798 3209 961 3272 Minorem
971 3207 1115 3291 primam

616 3310 762 3374 instituit.

286 3431 387 3497 Circa
417 3434 490 3497 dies
529 3436 615 3498 istos
649 3434 756 3497 frater
791 3431 929 3514 quidam
966 3430 1009 3492 de
1047 3427 1306 3532 ⁰¹di¹¹035ssg¹gffi¹⁸

220 3527 408 3610 Minorum,
441 3535 578 3597 nomine
608 3527 1046 3611 ²Franciscus‚quii11ius
1074 3523 1165 3587 ordi-

254 3704 346 3757 ¹Mure
367 3704 605 3776 Mediterraneum]
634 3709 681 3756 We
692 3712 694 3737 ¹
705 3707 797 3767 ringis,
817 3703 903 3752 Siffrid
925 3701 1014 3761 bishop
1040 3699 1069 3746 of
1082 3697 1167 3757 Auge·

218 3778 288 3825 leam
297 3779 359 3826 from
369 3780 411 3828 the
422 3780 508 3827 letters
519 3780 682 3839 ofGregory,
706 3777 781 3836 burg,
803 3774 854 3822 and
875 3786 950 3832 many
968 3770 1068 3827 others;
1096 3767 1166 3824 Ray·

219 3849 244 3895 iu
253 3849 349 3897 Riade
361 3848 682 3908 S.Germano,thathn-
706 3844 786 3900 naldi.
799 3844 847 3891 col.
859 3845 916 3889 594.

222 3917 315 3966 disium
324 3932 378 3966 was
387 3918 429 3966 the
439 3919 512 3979 place
524 3918 590 3965 fixed
602 3932 634 3965 ou
645 3916 683 3964 sor
743 3903 937 3975 ²Frunciscus.]
956 3908 1005 3955 For
1016 3906 1057 3954 the
1068 3905 1168 3965 biogra-

221 3986 263 4035 the
272 3988 462 4045 emburkatiom
476 3987 526 4035 and
536 3987 590 4035 that
597 3986 683 4033 whilst
708 3982 784 4043 phere
795 3980 823 4028 of
837 3981 863 4028 S.
876 3979 989 4036 Francis,
1006 3972 1167 4024 enumerated

219 4056 289 4105 there
298 4057 339 4105 the
350 4059 443 4119 plague
452 4057 530 4105 broke
538 4061 592 4115 out,
599 4054 683 4102 which
708 4053 742 4112 by
752 4049 881 4110 Wadding
898 4049 948 4097 and
965 4047 1058 4106 others,
1070 4057 1112 4092 see
1125 4044 1167 4091 the

220 4127 319 4176 carried
331 4127 369 4175 off
377 4126 418 4175 the
430 4126 568 4188 laudgrure
578 4125 608 4174 of
614 4124 684 4172 Thu·
709 4121 768 4171 Act.
779 4121 825 4170 SS.
836 4120 928 4170 Octob.
940 4124 999 4167 tom.
1011 4118 1038 4165 ii.
1050 4130 1076 4176 p.
1088 4118 1144 4163 ⁶4⁵.

1017 3642 1163 3651 ——--.
