2978 4996
405 466 544 517 rnoans
567 465 840 516 nrsronmnon.
1027 455 1094 520 273

199 697 251 761 Do
263 696 453 780 dtffidotioae
468 696 654 762 Morescolli
666 704 695 761 ot
711 694 864 762 obsidione
880 697 1043 781 cujusdam

499 795 618 861 maella·
631 796 741 881 ipoiaa

189 918 245 995 Et,
258 918 313 983 his
328 920 378 982 ita
392 920 513 1001 gestis,
527 939 602 997 rex,
613 918 656 982 de
667 919 811 983 consilio
821 921 975 1001 episcopi
986 920 1088 985 Win-
1101 940 1156 980 an.
1168 942 1224 980 nn.

138 1017 318 1092 toniensiS,
346 1018 591 1083 Marescallum
604 1017 785 1082 ‘diffidavit
808 1039 869 1100 per
889 1020 1086 1101 episcopum
1101 990 1225 1079 iiiiii„

138 1115 394 1194 Menevensem,
418 1125 454 1181 et
467 1117 519 1181 sic
536 1117 645 1199 jussit
662 1124 785 1180 contra
802 1137 880 1180 eum
898 1136 995 1180 arma
1012 1139 1086 1182 mo·
1099 1090 1250 1179 wisi*

138 1233 219 1279 vere
240 1223 276 1279 et
291 1216 368 1299 ejus
390 1216 535 1279 castella
556 1215 723 1279 obsidere.
769 1215 954 1296 Ingressus
980 1218 1087 1297 igitur

137 1331 201 1376 rex
222 1319 351 1377 terram
372 1314 508 1377 comitis
531 1312 730 1378 Marescalli
752 1315 887 1378 obsedit
912 1315 1086 1396 quoddam

138 1411 318 1476 castellum
347 1412 467 1494 ipsius,
496 1412 597 1494 cujus
629 1431 753 1476 nomen
781 1432 851 1476 non
879 1422 992 1490 teneo,
1025 1416 1087 1478 sed

137 1528 216 1573 cum
229 1529 292 1592 per
308 1511 382 1574 dies
398 1510 565 1592 plurimos
579 1509 664 1573 illud
679 1511 833 1592 graviter
846 1513 1086 1593 impugnasset

139 1613 176 1670 et
191 1627 315 1690 parum
337 1609 393 1673 vel
418 1609 503 1671 nihil
524 1608 737 1690 profecisset,
764 1608 1001 1674 deficientibus
1027 1632 1087 1675 ex·

139 1707 261 1771 ercitui
283 1707 468 1783 alimentis,
490 1726 569 1770 cum
593 1706 805 1770 obsidionem
830 1707 965 1772 solvere
985 1729 1087 1790 opor·

138 1805 246 1883 tebet,
271 1806 395 1888 puduit
415 1825 531 1886 regem
556 1805 638 1868 illuc
658 1805 815 1883 venisse3
846 1806 948 1882 unde,
971 1809 1086 1870 missis

139 1903 343 1985 quibusdam
372 1904 544 1986 episcopis
571 1904 615 1966 ad
643 1903 802 1966 comitem
828 1903 1086 1983 Marescallum,

137 2002 257 2084 exegit
278 2003 322 2066 ab
348 2021 401 2079 eo,
427 2013 598 2084 quatenus
623 2009 764 2085 propter
788 2001 953 2064 honorem
977 2003 1086 2084 ipsius

137 2101 241 2182 roffi,
263 2121 306 2165 ne
328 2101 501 2165 videretur
523 2101 703 2165 castellum
726 2101 875 2164 inaniter
900 2101 1086 2180 obsedisse,

136 2198 221 2263 illud
241 2201 306 2263 sibi
322 2201 384 2264 tali
406 2200 633 2263 conventione
656 2199 824 2276 redderet,
847 2206 887 2264 ut
903 2200 993 2263 inira
1012 2201 1086 2265 dies

137 2297 331 2380 quindecim
353 2299 439 2363 illud
459 2299 631 2379 integrum
649 2299 716 2380 ipsi
737 2300 935 2363 restitueret
951 2299 1085 2363 Mares·

135 2396 239 2474 callo,
266 2405 371 2480 atque
396 2398 523 2474 omnia,
555 2416 634 2479 quae
659 2399 695 2460 in
725 2417 831 2478 regno
855 2407 955 2463 erant
979 2400 1084 2463 corri-

135 2494 262 2577 genda,
292 2496 428 2561 interim
455 2515 517 2577 per
542 2496 722 2559 consilium
749 2497 999 2578 episcoporum,
1024 2500 1085 2579 qui

136 2594 321 2676 superbis
349 2594 569 2676 fidejussores
595 2594 744 2671 fuerant,
773 2595 982 2659 emendaret.
1037 2596 1085 2662 Et

135 2692 261 2756 adhoc
277 2691 520 2776 perficiendum
538 2693 719 2756 constituit
736 2712 797 2755 rex
815 2692 904 2756 diem
923 2694 989 2774 ipsi
1006 2694 1084 2756 Ma-

135 2791 281 2855 rescallo
307 2810 348 2854 ac
377 2791 512 2855 caeteris
537 2791 689 2854 exulatis
714 2790 898 2853 Dominica
924 2792 1083 2871 proxima

135 2897 216 2971 post
238 2889 362 2955 festum
388 2890 500 2954 sancti
522 2889 706 2953 Michaelis
728 2889 820 2971 apud
841 2888 1082 2953 westmonas-

136 2989 281 3069 terinm3
303 2988 403 3052 etsie
421 2988 594 3052 redditum
612 2996 666 3052 est
683 2989 757 3070 regi
779 2988 971 3065 castellum,
992 2989 1082 3051 obsi-

135 3086 237 3152 dione
253 3087 380 3152 soluta.

318 3261 368 3325 De
381 3259 559 3326 liberatione
575 3259 710 3326 Habenti
723 3261 761 3325 de
777 3262 893 3347 Barqo.

184 3382 288 3447 Circa
312 3385 386 3448 dies
409 3386 496 3450 istos
523 3385 661 3461 Petrus,
677 3384 928 3450 wintoniensis
953 3387 1208 3468 episco-aapon

134 3500 212 3563 pus,
234 3484 295 3565 qui
321 3484 431 3547 modis
453 3485 610 3548 omnibus
637 3484 673 3546 in
695 3493 839 3548 mortem
864 3483 1014 3549 Huberti
1040 3460 1224 3559 dessiiffih?

135 3579 256 3663 Burgo
271 3584 460 3665 aspirabat,
474 3583 534 3665 qni
551 3584 587 3645 in
609 3589 724 3647 castro
740 3581 783 3645 de
799 3581 931 3645 Divisis
954 3585 990 3646 in
1005 3586 1081 3647 vin-

134 3679 220 3743 culis
238 3683 430 3759 tenebatur,
441 3682 538 3745 nulla
552 3681 595 3744 de
613 3679 773 3744 Huberto
789 3681 961 3744 mentione
976 3681 1080 3757 iacta,

133 3796 249 3859 regem
267 3782 406 3862 rogavit
421 3781 600 3857 attentius,
619 3788 658 3843 nt
671 3778 872 3844 concederet
888 3780 952 3841 sibi
975 3782 1080 3843 castri

133 3878 325 3942 custodiam
352 3881 545 3957 memorati,
569 3874 650 3943 ¹hac
677 3877 856 3942 occasione
881 3877 1017 3954 ductuS,
1040 3886 1081 3941 ut

133 3977 268 4058 copiam
293 3978 434 4044 haberet
460 3979 570 4055 illum,
600 3978 690 4042 sicut
717 3976 854 4052 dicitur,
880 3976 1079 4058 perimendi.

273 4193 345 4248 ¹Hoc
355 4199 475 4250 cocenim
485 4192 594 4267 ductu]
613 4197 707 4248 Annal.
714 4197 826 4247 Waverl.
837 4211 863 4259 p.
876 4198 933 4244 1⁰⁵.

183 4309 263 4359 VOL.
282 4309 330 4359 IV.
907 4308 930 4355 'l'
