2978 4996
254 611 310 651 Α.Ῑ).
320 610 377 652 122⁷.

416 422 481 485 152
668 434 802 482 noorai
826 434 874 481 uu
897 432 1104 481 wunnovun

416 591 565 654 famulus
589 592 654 654 Dei
680 592 886 655 Franciscus
915 591 1103 654 oratorium
1125 590 1161 651 in
1184 590 1268 651 urbe
1292 587 1366 650 Ro·

416 708 530 764 mana,
560 692 597 752 in
630 710 699 773 quo
733 690 1021 772 contemplativos
1053 695 1198 751 meteret
1220 687 1366 761 fructus,

416 798 618 852 construens
649 789 830 871 spirituale
867 796 1042 851 certamen
1072 794 1194 851 contra
1224 786 1366 867 spiritus

417 887 587 968 malignos
610 896 646 951 et
666 887 819 951 carnalia
841 886 927 951 vitia
957 886 1119 968 egregius
1141 884 1288 948 bellator
1310 902 1367 945 as·

416 987 574 1068 sumpsit.

484 1157 535 1219 Da
543 1157 897 1242 pradicatiomfrutria
911 1156 1072 1220 ntantoroti
1088 1167 1116 1222 at
1123 1158 1190 1239 fine
1204 1151 1295 1217 valde

795 1254 992 1320 admirabili.

257 1401 406 1451 unauna
471 1380 678 1443 Franciscus
700 1380 807 1463 igitur
828 1400 890 1462 per
913 1380 1053 1444 Italiam
1071 1386 1192 1454 totam,
1214 1383 1250 1439 et
1265 1381 1368 1438 caete-

255 1455 275 1493 Β.
287 1453 379 1493 muncia

419 1497 476 1540 ras
499 1480 667 1554 nationes,
692 1487 728 1542 et
753 1481 925 1562 praecipue
954 1480 989 1541 in
1018 1480 1102 1542 urbe
1130 1477 1256 1550 Roma,
1287 1492 1366 1536 cum

418 1575 566 1640 officium
589 1578 842 1661 praedicationis
859 1578 1005 1641 devotus
1027 1577 1196 1659 impleret,
1218 1571 1367 1655 populus

420 1675 613 1753 Romanus,
635 1676 743 1740 totius
765 1677 931 1741 bonitatis
957 1676 1128 1752 inimicus,
1149 1671 1367 1757 praedicatio·

420 1794 498 1837 nem
522 1777 586 1838 viri
616 1775 683 1839 Dei
717 1775 804 1838 adeo
836 1775 1007 1856 despexit,
1035 1774 1127 1857 quod
1159 1791 1222 1835 nec
1252 1772 1366 1852 ipsum

419 1873 550 1950 audire,
573 1894 637 1937 nec
659 1875 789 1937 sanctis
812 1873 888 1956 ejus
909 1872 1095 1937 voluerunt
1116 1869 1367 1936 exhortationi·

419 1972 484 2035 bus
511 1974 689 2037 interesse.
734 1972 890 2036 Tandem
912 1991 990 2036 cum
1019 1991 1081 2054 per
1101 1972 1175 2034 dies
1202 1968 1367 2050 plurimos

419 2071 698 2152 praedicationem
730 2072 805 2154 ejus
832 2071 1004 2153 despexit,
1029 2071 1235 2134 Franciscus
1266 2066 1367 2129 indu·

419 2171 587 2234 rationem
624 2189 742 2233 eorum
781 2170 935 2249 graviter
968 2169 1172 2251 increpavit,
1203 2165 1368 2241 ‘Doleo,'

419 2269 544 2349 inquit,
560 2267 728 2331 ‘multum
747 2286 852 2349 super
874 2269 1012 2331 miseria
1033 2275 1161 2344 vestra,
1185 2265 1276 2347 quod
1299 2283 1368 2327 nou

419 2367 531 2428 solum
562 2384 616 2427 me
641 2364 770 2428 Christi
800 2365 965 2430 famulum
991 2366 1166 2448 spernitis,
1192 2383 1309 2427 verum
1333 2369 1369 2425 et

420 2463 517 2526 illum
546 2464 582 2525 in
608 2484 663 2527 me
690 2463 878 2545 despicitis,
910 2467 1073 2547 quoniam
1100 2464 1367 2544 Redemptorem

419 2562 537 2626 mundi
561 2563 798 2642 evangelizavi
823 2563 945 2642 vobis3
970 2571 1004 2626 et
1027 2583 1119 2627 nunc
1142 2562 1304 2626 recedens
1324 2563 1368 2625 ab

422 2662 504 2725 urbe
522 2663 756 2726 testimouium
779 2663 872 2726 illius
892 2663 1016 2727 invoco
1036 2681 1140 2743 super
1155 2659 1369 2725 desolatione

420 2769 549 2839 vestra,
576 2763 636 2845 qui
664 2770 717 2825 est
746 2762 846 2824 testis
873 2762 908 2824 in
935 2762 1020 2825 caelo
1045 2761 1168 2838 fidelis,
1200 2767 1305 2841 atque
1332 2761 1367 2822 in

420 2862 654 2924 confusionem
671 2867 821 2924 vestram
835 2860 926 2924 vado
940 2860 1179 2941 evangelizare
1193 2857 1369 2922 Christum

420 2959 532 3023 brutis
559 2959 765 3022 animalibus
793 2966 829 3022 et
855 2959 1054 3023 volatilibus
1087 2960 1175 3036 caeli,
1202 2966 1241 3023 ut
1270 2958 1369 3021 audi·

421 3065 518 3119 entes
541 3056 721 3120 salutifera
745 3058 811 3121 Dei
834 3059 940 3122 verba
964 3057 1127 3122 obediant
1151 3064 1187 3120 et
1209 3056 1368 3138 adquies-

421 3153 524 3216 cant.'
579 3153 704 3234 Sicque
719 3156 762 3217 ab
780 3157 862 3219 urbe
876 3159 996 3221 exieris
1013 3157 1147 3221 invenit
1160 3155 1319 3219 sedentes
1332 3156 1367 3218 in

421 3251 586 3314 suburbio
611 3253 647 3314 in
675 3254 878 3317 morticiniis
900 3275 1034 3332 corvos,
1057 3256 1180 3319 milvos
1203 3263 1237 3318 et
1260 3255 1369 3336 picas,

421 3350 577 3430 aliasque
598 3369 680 3413 aves
703 3353 830 3415 multas
851 3353 887 3415 in
910 3372 989 3417 aere
1010 3354 1208 3430 volitantes,
1228 3360 1264 3417 et
1279 3352 1369 3416 dixit

422 3448 483 3523 eis,
510 3448 708 3531 ‘Praecipio
743 3451 841 3514 vobis
875 3452 910 3513 in
941 3453 1077 3515 nomine
1108 3452 1195 3515 Jesu
1226 3451 1369 3528 Christi,

422 3566 522 3628 quem
542 3548 788 3611 crucifixerunt
811 3548 941 3626 Judaei,
967 3550 1067 3632 cujus
1087 3550 1367 3632 praedicationem

421 3647 536 3709 miseri
554 3646 704 3709 Romani
727 3647 971 3728 despexerunt,
994 3656 1164 3730 quatenus
1179 3648 1222 3711 ad
1240 3668 1295 3712 me
1310 3668 1368 3713 ac·

422 3746 581 3808 cedentes
608 3745 756 3807 audiatis
781 3748 922 3810 verbum
953 3748 1032 3823 Dei,
1062 3748 1096 3809 in
1128 3749 1265 3811 nomine
1294 3749 1369 3832 ejus

421 3844 563 3923 quivos
588 3845 720 3906 creavit
743 3851 778 3907 et
795 3846 830 3907 in
853 3865 933 3908 arca
956 3846 1034 3910 Noe
1057 3846 1101 3909 ab
1124 3847 1224 3929 aquis
1246 3846 1368 3910 diluvii

421 3940 605 4005 liberavit.'
657 3942 703 4005 Et
730 3945 893 4006 continuo
917 3944 960 4008 ad
983 3946 1163 4027 imperium
1192 3945 1268 4028 ejus
1294 3947 1370 4008 uni-

421 4058 521 4101 versa
536 4040 596 4103 illa
614 4042 729 4104 avium
745 4043 930 4107 multitudo
946 4044 1027 4108 illuc
1045 4044 1210 4107 accedens
1224 4045 1368 4107 circum·

419 4135 514 4199 dedit
536 4158 626 4215 eum,
650 4147 685 4204 et
706 4141 799 4205 sacto
815 4143 966 4219 silentio,
981 4143 1144 4225 omnique
1159 4143 1294 4224 garritu
1308 4143 1368 4207 de·
