2978 4996
368 429 435 494 306
625 442 759 491 nouam
783 444 831 491 na
853 442 1064 491 wunuovan·

209 629 331 668 anna.
370 601 446 685 ejus
462 607 574 664 totum
597 618 707 682 usque
734 600 778 663 ad
805 599 1003 663 umbilicum
1028 590 1174 662 induas
1201 606 1319 680 partes

208 680 329 788 ffli'ea
371 701 502 776 divisit,
526 698 617 762 unde
649 707 728 781 post
759 699 795 762 iu
821 700 929 763 multo
959 698 1027 761 diei
1055 698 1170 782 spatio
1202 698 1319 761 nullus

208 789 222 827 ¹²
223 789 309 818 “““““
373 800 417 863 ad
448 819 526 863 eum
553 798 715 862 accedere
745 817 852 861 ausus
876 799 953 862 suit.
1004 798 1072 861 Sed
1103 798 1221 861 hostes
1243 796 1320 879 ejus

373 898 583 981 principales
600 899 715 961 animo
732 898 943 962 consternati
963 898 1206 979 compulerunt
1223 896 1320 977 vulgi

374 996 641 1072 multitudinem,
659 998 812 1079 quicum
831 998 973 1072 lanceis,
990 997 1095 1060 furcis
1110 996 1243 1071 ferreis,
1266 1015 1321 1058 se·

375 1098 513 1161 curibus
544 1095 756 1159 advenerant
777 1103 813 1160 et
833 1097 1050 1177 bipennibus,
1076 1104 1116 1159 ut
1138 1095 1235 1158 illum
1258 1095 1323 1158 cir-

375 1197 577 1259 cumdantes
609 1196 841 1277 opprimerent
868 1202 904 1258 et
927 1214 1052 1277 equum
1085 1193 1161 1277 ejus
1189 1194 1321 1257 evisce-

376 1303 493 1358 rantes
523 1293 566 1358 ad
602 1301 729 1357 terram
761 1301 1038 1375 prosternerent;
1070 1294 1130 1376 qui
1163 1292 1324 1374 protinus

377 1393 622 1457 Marescallum
649 1393 950 1457 circumvallantes
975 1412 1100 1473 equum
1128 1392 1206 1475 ejus
1239 1391 1325 1454 mul·

378 1493 423 1555 tis
441 1491 641 1554 vulneribus
655 1491 851 1554 confossum
867 1511 1079 1574 exsanguem
1096 1490 1265 1565 fecerunt,
1278 1499 1323 1565 et,

378 1609 455 1652 cum
478 1591 527 1651 sic
555 1608 633 1651 eum
659 1608 704 1651 ex
728 1609 818 1673 equo
846 1590 993 1674 dejicere
1021 1609 1091 1653 non
1116 1590 1325 1672 potuissent,

378 1687 482 1770 pedes
517 1688 626 1768 ipsius
653 1689 733 1769 equi
764 1707 842 1752 cum
870 1691 1046 1752 securibus
1075 1688 1324 1770 praecinctura

379 1806 525 1872 cumque
550 1805 659 1869 equus
692 1806 771 1849 cum
798 1788 1019 1864 Marescallo,
1042 1787 1117 1870 jam
1145 1787 1182 1849 in
1214 1794 1327 1850 certa·

379 1885 471 1949 mine
486 1887 530 1949 ab
549 1885 636 1949 hora
657 1885 724 1949 diei
747 1887 858 1967 prima
880 1906 990 1969 usque
1012 1887 1056 1949 ad
1078 1886 1199 1950 horam
1223 1885 1327 1949 unde-

379 1987 503 2048 cimam
524 1985 683 2066 fatigato,
699 1985 885 2050 corruisset
900 1986 937 2049 in
953 1993 1092 2061 terram,
1107 1978 1191 2066 ¹ipsi
1207 2003 1327 2048 accur·

380 2093 495 2147 rentes
525 2091 768 2164 percusserunt
791 2103 869 2148 eum
895 2085 933 2148 in
962 2084 1155 2166 posteriora
1183 2083 1326 2148 loricam

381 2183 537 2245 levantes
559 2189 595 2245 et
616 2180 791 2246 lethaliter
808 2183 1087 2247 vulneraverunt.
1140 2182 1327 2264 Magnetes

382 2288 498 2343 autem
523 2289 772 2360 cognoscentes
797 2282 888 2365 quod
915 2281 1117 2346 vulneratus
1139 2281 1263 2345 fuisset
1284 2278 1326 2345 ad

383 2384 540 2453 mortem,
572 2377 632 2459 qui
659 2381 760 2461 quasi
791 2381 960 2445 exanimis
988 2381 1130 2464 jacebat
1158 2381 1195 2444 in
1224 2388 1327 2457 terra,

383 2477 558 2539 duxerunt
573 2476 681 2553 illum,
696 2479 757 2541 vix
775 2479 967 2561 palpitante
978 2480 1013 2543 in
1025 2500 1066 2543 eo
1077 2481 1201 2561 spiritu
1219 2480 1327 2555 vitali,

384 2575 427 2637 ad
451 2576 631 2638 castellum
654 2595 767 2653 suum,
790 2580 883 2661 quod
901 2578 1092 2642 Mauricius
1113 2579 1329 2661 justiciarius

384 2673 490 2756 paulo
507 2682 588 2738 aute
613 2682 753 2756 ceperat
768 2683 804 2739 et
819 2686 958 2760 captum
979 2678 1168 2754 detinebat,
1190 2679 1251 2741 ubi
1268 2678 1330 2741 sub

384 2781 481 2837 arcta
503 2780 662 2837 servatus
682 2776 840 2839 custodia
860 2796 937 2840 cum
960 2796 1029 2841 uno
1047 2784 1182 2841 tautum
1201 2776 1330 2859 juvene

384 2873 427 2935 de
442 2873 514 2936 suis
530 2874 621 2936 inter
637 2871 754 2937 hostes
771 2876 947 2939 remansit.
1000 2873 1127 2939 Actum
1142 2882 1198 2939 est
1214 2883 1328 2939 autem

384 2971 449 3034 hoc
478 2972 634 3054 praelium
660 2973 846 3055 primodie
870 2974 997 3037 mensis
1023 2972 1167 3057 Aprilis,
1189 2975 1227 3037 iu
1253 2975 1329 3038 sab·

384 3071 478 3133 bato.

505 3241 554 3304 De
570 3250 663 3305 morte
678 3251 706 3306 et
720 3242 881 3327 sepultura
896 3243 1014 3307 comitis
1029 3241 1225 3307 Maraccalli.

437 3363 494 3439 Et,
519 3364 572 3427 his
598 3366 647 3429 ita
672 3367 790 3447 gestis,
811 3374 891 3449 post
915 3366 1065 3429 triduum
1087 3365 1137 3429 ita
1158 3362 1334 3428 convaluit

318 3451 323 3461 ’
386 3482 501 3526 comes
517 3463 758 3541 Marescallus,
776 3465 867 3546 quod
883 3465 1090 3527 manducare
1106 3463 1221 3545 potuit
1236 3472 1273 3527 ct
1290 3463 1334 3526 bi-

387 3565 478 3639 bere,
488 3564 531 3626 ad
544 3564 638 3626 aleas
655 3563 785 3639 ludere,
801 3570 837 3627 et
850 3563 917 3627 huc
930 3571 1035 3645 atque
1047 3562 1129 3626 illuc
1144 3563 1195 3625 ire
1207 3561 1245 3624 iu
1263 3562 1335 3625 tha-

387 3661 479 3725 lamo
491 3663 550 3725 ubi
559 3661 752 3726 infirmatus
761 3662 918 3746 jacebat;
935 3661 1027 3744 quod
1038 3661 1194 3725 videntes
1207 3660 1335 3724 inimici

388 3761 463 3843 ejus
483 3762 659 3844 petierunt
676 3780 720 3825 ex
740 3768 838 3842 parte
859 3761 951 3842 regis
967 3759 1118 3841 Angliae,
1129 3767 1169 3823 ut
1179 3759 1338 3824 redderet

425 3966 497 4033 ι1ρεί
514 3971 695 4034 accurrentes]
723 3971 850 4022 ‘Quidam
876 3971 966 4019 seriore
978 3970 1090 4031 eorporis
1103 3969 1216 4031 regione,
1227 3984 1279 4031 quo
1293 3983 1340 4017 uu·

388 4040 499 4100 maligno
517 4041 608 4100 spiritu
629 4041 742 4101 agitatus
760 4054 819 4089 eum
835 4054 852 4089 a
876 4040 937 4088 dum
949 4043 975 4088 et
986 4041 1078 4088 inerme
1086 4039 1240 4101 recognovit,
1247 4038 1340 4088 lethale

389 4109 520 4166 posteriori
545 4114 616 4170 parte
633 4110 739 4158 latenter
760 4124 852 4172 aggre-
876 4111 970 4158 vulnus
986 4109 1105 4171 inflixit3’
1126 4108 1340 4159 Anumwaven.

388 4175 469 4239 diens,
486 4178 569 4227 eidem
585 4194 617 4228 cx
629 4179 764 4243 improviso
776 4180 802 4228 in
813 4181 853 4228 iu·
877 4194 903 4240 p.
915 4182 971 4228 19⁶.
