2978 4996
388 450 430 513 10
644 460 777 509 nocant
802 460 849 507 nn
873 460 1080 508 warnovna

228 639 282 680 nn.
294 638 350 678 121⁷.
388 628 461 684 tate
486 620 576 682 inter
604 619 788 701 optimates
808 616 948 698 Angliae
978 616 1159 681 fluctuatio
1186 619 1340 682 maxima

388 721 444 782 cui
466 738 503 782 sa
532 718 605 800 regi
634 717 898 791 committerent,
917 716 1040 799 juveni
1058 716 1218 780 videlicet
1239 717 1338 780 Hen-

388 819 472 895 rico,
499 837 544 880 an
571 815 710 881 domino
738 814 946 892 Lodowieo;
977 815 1151 879 habebant
1173 816 1264 879 enim
1292 836 1337 879 ex

390 916 615 998 Francigenis
632 915 736 979 talem
756 921 961 995 tantumque
980 921 1226 997 contemptum,
1244 915 1336 996 quod

387 1017 489 1079 multi
529 1034 648 1078 eornm
689 1012 961 1076 consolationem
998 1033 1066 1077 non
1111 1013 1335 1077 admiserunt.

388 1113 502 1178 Auxit
525 1121 694 1194 praeterea
716 1111 818 1194 hujus
845 1112 1115 1193 perturbationis
1139 1112 1338 1194 procellam,

388 1212 479 1295 quod
502 1211 721 1287 Lodowicus,
743 1219 860 1293 spreto
879 1210 1091 1293 juramento,
1113 1217 1234 1287 terras,
1256 1229 1337 1291 pos-

387 1312 559 1376 sessiones
585 1319 621 1374 et
643 1310 788 1373 castella
809 1308 994 1373 eorundem
1019 1310 1237 1391 optimatum,
1257 1328 1336 1390 quaa

388 1429 507 1474 eorum
525 1408 656 1472 auxilio
679 1411 875 1490 subegerat,
892 1408 961 1471 illis
980 1408 1286 1484 murmurantibus,
1302 1409 1337 1471 in

388 1528 487 1572 suam
507 1507 687 1589 redegerat
703 1513 923 1589 potestatam,
940 1527 1071 1589 ponens
1089 1507 1125 1570 in
1143 1508 1193 1571 ais
1211 1508 1339 1571 milites

389 1615 425 1671 et
453 1607 666 1690 alienigenas
699 1607 869 1670 nationes.
921 1605 1108 1684 Caeterum,
1138 1614 1239 1689 turpe
1271 1606 1337 1669 sibi

388 1706 570 1771 videbatur
601 1706 644 1769 ad
680 1724 809 1786 regem,
840 1725 942 1788 quem
976 1705 1186 1788 abjecerant,
1214 1705 1338 1782 redire,

390 1826 433 1869 na
460 1805 659 1869 viderentur
694 1823 798 1868 canas
827 1805 872 1868 ad
902 1803 1069 1869 vomitum
1103 1811 1337 1882 revertentas;

389 1905 507 1986 sicque
535 1904 614 1967 binc
644 1903 723 1966 inde
753 1904 909 1986 perplexi
938 1911 1141 1985 quassatum
1173 1904 1338 1985 nequive-

390 2010 470 2067 runt
494 2003 664 2067 calamum
692 2021 863 2084 reparare.
929 2001 1060 2066 Eodem
1087 2011 1254 2083 tempora,
1277 2002 1337 2066 de·

389 2103 478 2166 cimo
496 2102 599 2167 tertio
622 2100 790 2166 kalendas
813 2101 1006 2179 Februarii,
1027 2102 1188 2169 exierunt
1204 2100 1247 2164 de
1265 2120 1338 2165 cas·

389 2202 484 2278 tello,
504 2201 597 2284 quod
613 2200 792 2264 Monsorel
811 2200 1019 2283 appellatur,
1036 2201 1164 2265 milites
1180 2206 1215 2263 et
1230 2201 1338 2263 servi·

388 2308 498 2376 entes,
535 2307 576 2362 ut
613 2297 740 2381 praedis
778 2299 950 2363 instarent
987 2306 1022 2363 et
1055 2299 1207 2381 rapinis;
1245 2300 1338 2380 quod

390 2418 468 2462 curn
503 2417 565 2479 per
605 2397 845 2479 exploratores
884 2398 1009 2461 milites
1041 2397 1084 2460 de
1123 2397 1158 2460 N
1160 2397 1338 2478 otingbam

391 2497 649 2578 cognovissent,
666 2503 836 2559 venerunt
852 2496 902 2558 eis
919 2496 1067 2571 obviam,
1083 2504 1130 2573 et,
1147 2496 1239 2559 facto
1257 2516 1338 2559 con-

390 2614 525 2676 gressu,
543 2600 708 2677 ceperunt
723 2614 768 2658 ex
786 2595 1004 2658 obstantibus
1020 2594 1138 2658 decem
1161 2595 1287 2658 milites
1304 2603 1340 2658 et

390 2695 515 2776 viginti
532 2700 683 2777 quatuor
704 2693 906 2769 servientes,
929 2700 965 2757 et
984 2693 1044 2768 sic,
1066 2694 1177 2757 tribus
1196 2714 1240 2757 ex
1259 2694 1339 2758 hos-

389 2793 482 2857 tibus
502 2793 704 2870 interfectis,
722 2811 799 2855 cum
823 2792 902 2856 laeta
919 2792 1064 2856 victoria
1081 2802 1287 2857 remearunt.

430 2966 575 3040 Qualiter
587 2964 758 3029 Falaoairaa
772 2964 881 3028 alam
896 2964 997 3028 macti
1008 2963 1132 3029 Albani
1147 2964 1303 3050 mallavit.

228 3116 346 3159 aniam.
441 3089 511 3152 Per
531 3089 623 3151 idem
643 3095 792 3169 tempus,
814 3087 996 3152 undecimo
1018 3086 1186 3152 kalendas
1210 3088 1338 3151 Febru-

228 3168 372 3258 iid‘idim
391 3189 467 3264 arii,
505 3181 721 3263 ¹Falcasius,
752 3187 871 3268 praedo
905 3188 1086 3269 pessimus,
1119 3186 1340 3250 multitudine

229 3268 327 3308 ''mm‘’
390 3287 490 3368 gravi
527 3294 741 3367 congregata
775 3285 819 3348 dc
856 3286 1025 3366 praesidiis
1066 3293 1257 3350 castrorum
1297 3287 1340 3350 de

391 3386 542 3461 oxonia,
581 3383 814 3449 Norbantona
849 3392 885 3449 et
915 3384 1133 3461 Bedefordia‚
1169 3385 1273 3448 simul
1306 3394 1341 3449 et

391 3483 663 3562 Windlesbores,
707 3484 854 3548 militum
894 3493 929 3548 et
962 3485 1206 3566 ruptariorum,
1243 3486 1339 3549 venit

390 3584 434 3648 ad
462 3584 579 3648 villam
609 3585 720 3647 sancti
747 3583 876 3647 Albani
906 3584 941 3646 in
970 3585 1172 3664 crepusculo
1203 3604 1341 3665 vesper-

391 3685 477 3760 tino,
502 3689 603 3748 nocta
630 3684 762 3747 scilicet
786 3677 917 3746 ²sancti
937 3681 1125 3758 Vincentii,
1151 3689 1265 3762 atque,
1289 3684 1341 3746 in·

391 3785 532 3865 opinato
562 3783 693 3865 impetu
729 3782 834 3858 facto,
865 3781 983 3844 villam
1016 3787 1126 3843 totam
1163 3780 1340 3862 spoliavit,

390 3882 546 3946 homines
568 3891 604 3946 et
621 3882 771 3945 infantes
794 3879 886 3962 capit
907 3898 948 3943 ac
970 3878 1118 3942 vinculis
1138 3898 1197 3942 eos
1220 3882 1341 3944 arctis-

428 4053 596 4116 ¹Faleasim.]
620 4056 695 4103 Paris
712 4055 758 4104 bas
775 4053 850 4104 much
876 4053 922 4102 der
938 4054 981 4101 tha
999 4068 1061 4115 year
1073 4056 1152 4114 tran
1176 4053 1217 4102 ed.
1230 4057 1303 4116 164⁰,
1313 4069 1341 4115 p.

391 4125 541 4186 concaming
562 4124 613 4171 this
636 4125 777 4173 mdiridual
800 4125 851 4173 and
877 4127 994 4186 subseq.

390 4192 430 4241 bis
449 4192 520 4252 wile,
540 4193 671 4253 Margaret
688 4194 789 4255 Rivers,
808 4197 852 4241 not
913 4190 1021 4242 'Sancta'
1037 4187 1190 4261 Vincentii,]
1214 4191 1257 4241 tha
1275 4194 1341 4243 22ud

388 4262 488 4312 noticed
500 4263 534 4323 by
543 4262 685 4311 Wandover
702 4262 793 4325 belona,
805 4277 850 4310 un·
876 4261 905 4310 of
913 4262 1038 4322 January.
