2978 4996
367 444 434 508 300
624 456 757 505 nocam
783 456 830 503 ou
852 454 1060 504 wnnoovxn

441 684 531 760 Quod
543 705 636 748 cornea
652 682 861 747 Mareerallaa
875 683 910 745 in
925 680 1118 745 Hiberniam
1132 684 1254 747 vanietas

573 805 722 868 guerram
739 792 846 846 eontra
864 803 961 867 repent
977 782 1112 845 moverit.

209 942 331 981 nonan.
434 909 514 972 Hoc
533 927 671 990 quoque
693 915 848 988 tempore
872 913 1041 969 venerunt
1056 906 1168 969 nuntii
1192 906 1235 970 ad
1258 907 1322 970 Ri-

209 991 357 1079 Th⁸2¹2¹3¹¹¹¹
371 1008 535 1071 chardum
561 1007 720 1070 comitem
750 1005 994 1069 Marescallum
1024 1004 1210 1068 referentes
1234 1026 1322 1088 quo-

221 1091 331 1181 ,¹,⁸,'},⁸¹,i¹¹
372 1108 473 1170 modo
493 1106 670 1188 saepedicti
690 1112 870 1185 magnates
893 1104 1071 1167 Hiberniae
1090 1111 1216 1167 terram
1242 1105 1321 1189 ejus

372 1207 542 1270 hostiliter
565 1204 712 1286 ingressi
731 1203 889 1284 quaedam
920 1204 1030 1284 ipsius
1053 1203 1198 1266 castella
1219 1222 1320 1285 oepe-

373 1314 452 1368 raut
480 1312 514 1368 et
535 1322 611 1367 eam
638 1311 869 1384 pervagantes
900 1302 1031 1383 rapinis
1052 1310 1088 1365 et
1113 1301 1234 1383 spoliis
1268 1304 1320 1365 in·

372 1404 573 1483 dulgebaut.
621 1401 848 1464 Marescallus
867 1409 995 1476 autem,
1011 1419 1088 1463 cum
1112 1420 1173 1463 rex
1185 1401 1319 1482 Anglo-

374 1522 447 1564 rum
464 1508 542 1582 post
558 1500 631 1562 dies
650 1499 839 1565 Natalitios
861 1499 1098 1582 expeditiones
1117 1500 1260 1562 bellicas
1281 1502 1317 1564 iu

373 1598 511 1663 Walliis
544 1592 746 1661 'dimisisset
772 1590 807 1663 et
833 1599 1003 1662 australes
1033 1597 1169 1679 Angliae
1200 1608 1319 1680 partes

373 1699 528 1780 petisset,
547 1699 639 1761 circa
662 1698 934 1778 purificationem
958 1699 1069 1760 beatae
1094 1696 1218 1760 Mariae
1238 1717 1317 1761 cum

372 1797 565 1878 quindecim
585 1805 718 1859 tantum
740 1796 905 1859 militibus
925 1796 960 1858 iu
983 1795 1186 1859 Hiberniam
1206 1803 1320 1860 trans·

373 1896 525 1973 fretavit,
537 1906 576 1960 ut
590 1896 738 1959 hostium
755 1914 894 1958 suorum
912 1894 1078 1959 malitiam
1094 1894 1316 1975 refraenaret;

373 1997 432 2077 qui
457 2016 534 2060 cnm
554 1996 679 2059 ibidem
700 1994 935 2077 applicuisset,
954 1995 1049 2057 venit
1064 1994 1107 2056 ad
1125 2013 1202 2056 eum
1222 1992 1319 2057 Gau-

373 2095 480 2159 fridus
507 2096 550 2158 de
579 2094 743 2170 Matisco,
769 2093 870 2157 homo
898 2093 972 2176 ejus
1002 2093 1120 2174 ligius,
1149 2093 1209 2156 sed
1240 2093 1318 2156 infi-

373 2193 471 2269 delis,
494 2194 552 2276 qni
577 2193 748 2257 Mauricio
763 2192 972 2276 justiciario,
995 2192 1138 2273 Hugoni
1167 2192 1211 2255 de
1231 2191 1317 2256 Las·

372 2293 446 2355 caio
469 2301 505 2355 et
523 2291 698 2355 Richardo
721 2291 763 2354 de
786 2292 917 2372 Burgo,
942 2311 982 2355 ac
1005 2292 1140 2355 caeteris
1166 2292 1317 2355 inimicis

371 2391 480 2471 ipsius
505 2388 703 2453 Marescalli
725 2390 1084 2467 confoederatorum,
1106 2397 1142 2453 et
1160 2390 1316 2453 adhaere·

371 2490 431 2552 bat
445 2491 476 2552 ei
499 2489 533 2551 in
560 2489 652 2565 dolo,
669 2488 864 2566 cousulens,
887 2497 1062 2554 utcontra
1084 2489 1202 2553 hostes
1226 2509 1316 2571 prae-

370 2587 480 2652 dictos
508 2608 603 2651 arma
631 2596 785 2652 moveret
808 2598 844 2652 et
868 2589 1071 2653 Hiberniam
1098 2587 1316 2671 subjugaret.

372 2686 600 2752 Marescallns
612 2707 693 2751 vero
710 2708 771 2770 per
782 2696 908 2751 terram
925 2708 1023 2752 suam
1041 2687 1216 2771 profectus
1232 2707 1315 2752 con·

369 2789 529 2870 gregavit
544 2789 733 2851 exercitum
754 2787 943 2869 copiosum,
965 2796 999 2852 et
1019 2787 1137 2852 hostes
1159 2806 1242 2850 suos
1265 2788 1315 2850 in·

369 2898 509 2951 secutus
533 2887 687 2962 castella,
711 2905 789 2968 quae
814 2895 988 2970 ceperant,
1006 2906 1069 2969 pro
1094 2894 1193 2968 parte
1218 2905 1316 2951 ravo-

370 2988 485 3064 cavit;
514 2986 669 3049 Lemeric
685 3004 834 3067 quoque,
850 2985 1016 3050 famosam
1034 2985 1216 3050 Hiberniae
1233 2985 1317 3050 civi-

371 3093 490 3161 tatem,
506 3085 736 3166 quatriduana
758 3084 936 3148 obsidione
958 3086 1051 3168 cepit
1067 3092 1102 3148 et
1118 3103 1163 3147 ex
1181 3084 1315 3149 civibus

370 3185 488 3263 exegit
504 3184 724 3264 fidelitatem;
752 3183 873 3247 deinde
896 3183 1067 3248 hostiliter
1090 3184 1316 3265 progrediens

368 3282 461 3363 cepit
474 3291 543 3344 tam
562 3283 653 3362 regis
667 3282 810 3346 castella
823 3302 926 3365 quam
941 3283 1086 3346 aliorum
1100 3283 1318 3347 inimicorum

369 3399 521 3453 suorum,
545 3382 717 3462 accipiens
739 3400 761 3444 a
782 3382 982 3446 custodibus
1006 3383 1255 3464 juramentum,
1275 3401 1317 3446 ne

368 3479 444 3562 ejus
472 3481 684 3562 propositum
711 3480 925 3562 impedirent.
983 3481 1169 3562 Magnetes
1201 3488 1317 3546 autem

367 3580 523 3661 praedicti
549 3579 599 3643 illi
622 3599 800 3643 occurrere
826 3599 894 3644 non
919 3581 1086 3644 audentes
1110 3580 1277 3662 fugeruut
1296 3601 1319 3645 a

368 3679 454 3743 facie
470 3679 544 3762 ejus
561 3679 604 3743 ad
624 3678 701 3742 loca
718 3679 914 3755 remotiora,
937 3680 995 3743 ubi
1019 3679 1146 3743 milites
1168 3687 1204 3742 et
1221 3681 1320 3762 equi-

368 3785 421 3841 tes
439 3779 624 3843 bellatores
641 3796 718 3840 cum
736 3779 838 3842 turba
860 3778 1013 3859 peditum
1036 3786 1247 3842 armatorum
1267 3779 1320 3841 in-

367 3896 510 3940 numera
538 3886 788 3958 congregantes
813 3876 857 3941 ad
889 3886 1083 3959 campestre
1105 3896 1181 3941 sese
1204 3877 1321 3959 praeli·

385 4096 832 4170 ¹Dirnirirret.]‘Dimissis'iuMS.,
856 4103 876 4150 it
897 4102 947 4150 had
971 4103 1033 4150 been
1056 4100 1175 4149 intended
1198 4107 1225 4150 to
1246 4103 1324 4153 write

366 4172 415 4220 aad
431 4173 473 4220 the
494 4173 549 4221 ‘et’
559 4173 680 4234 wanting,
695 4186 723 4220 as
735 4171 830 4234 though
856 4171 1082 4233 ‘expeditionibus
1098 4166 1215 4221 bellicis.¹
