<?xml version="1.0" encoding="UTF-8"?>
<!DOCTYPE html PUBLIC "-//W3C//DTD XHTML 1.0 Transitional//EN"
    "http://www.w3.org/TR/xhtml1/DTD/xhtml1-transitional.dtd">
<html xmlns="http://www.w3.org/1999/xhtml" xml:lang="en" lang="en">
 <head>
  <title>
</title>
<meta http-equiv="Content-Type" content="text/html;charset=utf-8" />
  <meta name='ocr-system' content='tesseract 3.04.00' />
  <meta name='ocr-capabilities' content='ocr_page ocr_carea ocr_par ocr_line ocrx_word'/>
</head>
<body>
  <div class='ocr_page' id='page_1' title='image "./rogeridewendove02rogegoog_0350.png"; bbox 0 0 2978 4996; ppageno 0'>
   <div class='ocr_carea' id='block_1_1' title="bbox 471 453 1159 520">
    <p class='ocr_par' dir='ltr' id='par_1_1' title="bbox 471 453 1159 520">
     <span class='ocr_line' id='line_1_1' title="bbox 471 453 1159 520; baseline 0.01 -7"><span class='ocrx_word' id='word_1_1' title='bbox 471 465 608 514; x_wconf 77' lang='lat' dir='ltr'><strong>enonas</strong></span> <span class='ocrx_word' id='word_1_2' title='bbox 633 466 903 518; x_wconf 81' lang='lat' dir='ltr'><strong>nrsronmnun.</strong></span> <span class='ocrx_word' id='word_1_3' title='bbox 1092 453 1159 520; x_wconf 82' lang='grc'><strong>339</strong></span> 
     </span>
    </p>
   </div>
   <div class='ocr_carea' id='block_1_2' title="bbox 209 621 1293 1892">
    <p class='ocr_par' dir='ltr' id='par_1_2' title="bbox 209 621 1293 1892">
     <span class='ocr_line' id='line_1_2' title="bbox 209 621 1293 708; baseline -0.002 -22"><span class='ocrx_word' id='word_1_4' title='bbox 209 641 252 686; x_wconf 91' lang='lat' dir='ltr'><strong>ea</strong></span> <span class='ocrx_word' id='word_1_5' title='bbox 273 621 509 687; x_wconf 87' lang='lat' dir='ltr'><strong>Romanorum</strong></span> <span class='ocrx_word' id='word_1_6' title='bbox 539 625 740 706; x_wconf 88' lang='lat' dir='ltr'><strong>imperator,</strong></span> <span class='ocrx_word' id='word_1_7' title='bbox 766 632 802 688; x_wconf 90' lang='lat' dir='ltr'><strong>et</strong></span> <span class='ocrx_word' id='word_1_8' title='bbox 824 624 931 688; x_wconf 86' lang='lat' dir='ltr'><strong>frater</strong></span> <span class='ocrx_word' id='word_1_9' title='bbox 959 625 1033 708; x_wconf 86' lang='lat' dir='ltr'><strong>ejus</strong></span> <span class='ocrx_word' id='word_1_10' title='bbox 1058 624 1157 688; x_wconf 90' lang='lat' dir='ltr'><strong>Hen·</strong></span> <span class='ocrx_word' id='word_1_11' title='bbox 1172 646 1293 687; x_wconf 70' lang='lat' dir='ltr'><strong>anns.</strong></span> 
     </span>
     <span class='ocr_line' id='line_1_3' title="bbox 210 720 1156 805; baseline 0.004 -21"><span class='ocrx_word' id='word_1_12' title='bbox 210 720 302 785; x_wconf 88' lang='lat' dir='ltr'><strong>ricus</strong></span> <span class='ocrx_word' id='word_1_13' title='bbox 326 721 489 787; x_wconf 85' lang='lat' dir='ltr'><strong>Saxoniae</strong></span> <span class='ocrx_word' id='word_1_14' title='bbox 514 723 586 786; x_wconf 83' lang='lat' dir='ltr'><strong>dux</strong></span> <span class='ocrx_word' id='word_1_15' title='bbox 602 731 637 787; x_wconf 87' lang='lat' dir='ltr'><strong>et</strong></span> <span class='ocrx_word' id='word_1_16' title='bbox 654 744 716 786; x_wconf 86' lang='lat' dir='ltr'><strong>rex</strong></span> <span class='ocrx_word' id='word_1_17' title='bbox 734 724 872 787; x_wconf 88' lang='lat' dir='ltr'><strong>tandem</strong></span> <span class='ocrx_word' id='word_1_18' title='bbox 889 730 989 787; x_wconf 87' lang='lat' dir='ltr'><strong>terrae</strong></span> <span class='ocrx_word' id='word_1_19' title='bbox 1005 732 1156 805; x_wconf 83' lang='lat' dir='ltr'><strong>sanctae3</strong></span> 
     </span>
     <span class='ocr_line' id='line_1_4' title="bbox 211 822 1158 902; baseline 0.004 -19"><span class='ocrx_word' id='word_1_20' title='bbox 211 829 371 902; x_wconf 84' lang='lat' dir='ltr'><strong>quartam</strong></span> <span class='ocrx_word' id='word_1_21' title='bbox 405 823 507 886; x_wconf 84' lang='lat' dir='ltr'><strong>duxit</strong></span> <span class='ocrx_word' id='word_1_22' title='bbox 534 842 648 886; x_wconf 90' lang='lat' dir='ltr'><strong>comes</strong></span> <span class='ocrx_word' id='word_1_23' title='bbox 680 822 898 886; x_wconf 87' lang='lat' dir='ltr'><strong>Tholosanus</strong></span> <span class='ocrx_word' id='word_1_24' title='bbox 931 822 1158 900; x_wconf 88' lang='lat' dir='ltr'><strong>Reimundns,</strong></span> 
     </span>
     <span class='ocr_line' id='line_1_5' title="bbox 210 920 1157 1002; baseline 0.003 -20"><span class='ocrx_word' id='word_1_25' title='bbox 210 926 246 982; x_wconf 90' lang='lat' dir='ltr'><strong>et</strong></span> <span class='ocrx_word' id='word_1_26' title='bbox 271 921 427 1002; x_wconf 83' lang='lat' dir='ltr'><strong>quintam</strong></span> <span class='ocrx_word' id='word_1_27' title='bbox 456 941 571 985; x_wconf 88' lang='lat' dir='ltr'><strong>comes</strong></span> <span class='ocrx_word' id='word_1_28' title='bbox 604 920 781 985; x_wconf 90' lang='lat' dir='ltr'><strong>Rotrodus</strong></span> <span class='ocrx_word' id='word_1_29' title='bbox 815 921 1036 984; x_wconf 83' lang='lat' dir='ltr'><strong>Porticensis.</strong></span> <span class='ocrx_word' id='word_1_30' title='bbox 1088 921 1157 985; x_wconf 92' lang='lat' dir='ltr'><strong>His</strong></span> 
     </span>
     <span class='ocr_line' id='line_1_6' title="bbox 210 1018 1159 1101; baseline 0.003 -19"><span class='ocrx_word' id='word_1_31' title='bbox 210 1018 318 1100; x_wconf 85' lang='lat' dir='ltr'><strong>igitur</strong></span> <span class='ocrx_word' id='word_1_32' title='bbox 342 1027 376 1083; x_wconf 92' lang='lat' dir='ltr'><strong>et</strong></span> <span class='ocrx_word' id='word_1_33' title='bbox 399 1020 632 1084; x_wconf 88' lang='lat' dir='ltr'>consimilibus</span> <span class='ocrx_word' id='word_1_34' title='bbox 658 1020 872 1101; x_wconf 80' lang='lat' dir='ltr'><strong>imperatrix,</strong></span> <span class='ocrx_word' id='word_1_35' title='bbox 901 1022 1042 1083; x_wconf 88' lang='lat' dir='ltr'><strong>‘atavis</strong></span> <span class='ocrx_word' id='word_1_36' title='bbox 1065 1020 1159 1085; x_wconf 89' lang='lat' dir='ltr'><strong>edita</strong></span> 
     </span>
     <span class='ocr_line' id='line_1_7' title="bbox 212 1117 1157 1201; baseline 0.001 -20"><span class='ocrx_word' id='word_1_37' title='bbox 212 1117 376 1199; x_wconf 67' lang='lat' dir='ltr'><strong>regibus:</strong></span> <span class='ocrx_word' id='word_1_38' title='bbox 408 1128 555 1201; x_wconf 88' lang='lat' dir='ltr'><strong>patrem,</strong></span> <span class='ocrx_word' id='word_1_39' title='bbox 582 1127 620 1183; x_wconf 88' lang='lat' dir='ltr'><strong>ut</strong></span> <span class='ocrx_word' id='word_1_40' title='bbox 649 1119 778 1182; x_wconf 90' lang='lat' dir='ltr'><strong>dictum</strong></span> <span class='ocrx_word' id='word_1_41' title='bbox 809 1127 874 1195; x_wconf 89' lang='lat' dir='ltr'><strong>est,</strong></span> <span class='ocrx_word' id='word_1_42' title='bbox 899 1118 1019 1182; x_wconf 90' lang='lat' dir='ltr'><strong>habuit</strong></span> <span class='ocrx_word' id='word_1_43' title='bbox 1043 1139 1157 1200; x_wconf 85' lang='lat' dir='ltr'><strong>regem</strong></span> 
     </span>
     <span class='ocr_line' id='line_1_8' title="bbox 211 1215 1158 1300; baseline 0.002 -21"><span class='ocrx_word' id='word_1_44' title='bbox 211 1215 236 1278; x_wconf 88' lang='lat' dir='ltr'>J</span> <span class='ocrx_word' id='word_1_45' title='bbox 238 1217 422 1294; x_wconf 88' lang='lat' dir='ltr'><strong>ohannem,</strong></span> <span class='ocrx_word' id='word_1_46' title='bbox 440 1219 499 1300; x_wconf 92' lang='lat' dir='ltr'><strong>qui</strong></span> <span class='ocrx_word' id='word_1_47' title='bbox 515 1219 580 1281; x_wconf 89' lang='lat' dir='ltr'><strong>suit</strong></span> <span class='ocrx_word' id='word_1_48' title='bbox 595 1217 686 1280; x_wconf 86' lang='lat' dir='ltr'><strong>filius</strong></span> <span class='ocrx_word' id='word_1_49' title='bbox 701 1216 875 1298; x_wconf 84' lang='lat' dir='ltr'><strong>magnifici</strong></span> <span class='ocrx_word' id='word_1_50' title='bbox 891 1218 981 1298; x_wconf 82' lang='lat' dir='ltr'><strong>regis</strong></span> <span class='ocrx_word' id='word_1_51' title='bbox 1001 1216 1158 1294; x_wconf 86' lang='lat' dir='ltr'><strong>Henrici,</strong></span> 
     </span>
     <span class='ocr_line' id='line_1_9' title="bbox 213 1316 1157 1398; baseline 0.003 -20"><span class='ocrx_word' id='word_1_52' title='bbox 213 1317 273 1397; x_wconf 91' lang='lat' dir='ltr'><strong>qui</strong></span> <span class='ocrx_word' id='word_1_53' title='bbox 301 1316 367 1380; x_wconf 83' lang='lat' dir='ltr'><strong>fuit</strong></span> <span class='ocrx_word' id='word_1_54' title='bbox 395 1317 485 1379; x_wconf 85' lang='lat' dir='ltr'><strong>filius</strong></span> <span class='ocrx_word' id='word_1_55' title='bbox 522 1316 679 1380; x_wconf 88' lang='lat' dir='ltr'><strong>Matildis</strong></span> <span class='ocrx_word' id='word_1_56' title='bbox 711 1316 885 1398; x_wconf 89' lang='lat' dir='ltr'><strong>quondam</strong></span> <span class='ocrx_word' id='word_1_57' title='bbox 918 1316 1157 1398; x_wconf 63' lang='lat' dir='ltr'><strong>imperatricis</strong></span> 
     </span>
     <span class='ocr_line' id='line_1_10' title="bbox 213 1413 1159 1497; baseline 0.002 -20"><span class='ocrx_word' id='word_1_58' title='bbox 213 1433 292 1495; x_wconf 87' lang='lat' dir='ltr'><strong>quae</strong></span> <span class='ocrx_word' id='word_1_59' title='bbox 310 1414 375 1479; x_wconf 86' lang='lat' dir='ltr'><strong>fuit</strong></span> <span class='ocrx_word' id='word_1_60' title='bbox 392 1415 463 1479; x_wconf 88' lang='lat' dir='ltr'><strong>filia</strong></span> <span class='ocrx_word' id='word_1_61' title='bbox 480 1416 571 1497; x_wconf 82' lang='lat' dir='ltr'><strong>regis</strong></span> <span class='ocrx_word' id='word_1_62' title='bbox 589 1413 783 1496; x_wconf 78' lang='lat' dir='ltr'><strong>Anglorum</strong></span> <span class='ocrx_word' id='word_1_63' title='bbox 802 1415 946 1479; x_wconf 87' lang='lat' dir='ltr'><strong>Henrici</strong></span> <span class='ocrx_word' id='word_1_64' title='bbox 963 1416 1108 1480; x_wconf 88' lang='lat' dir='ltr'><strong>senioris</strong></span> <span class='ocrx_word' id='word_1_65' title='bbox 1124 1424 1159 1479; x_wconf 88' lang='lat' dir='ltr'><strong>et</strong></span> 
     </span>
     <span class='ocr_line' id='line_1_11' title="bbox 215 1512 1158 1595; baseline 0.002 -19"><span class='ocrx_word' id='word_1_66' title='bbox 215 1512 371 1577; x_wconf 85' lang='lat' dir='ltr'><strong>Matildis</strong></span> <span class='ocrx_word' id='word_1_67' title='bbox 399 1516 539 1595; x_wconf 86' lang='lat' dir='ltr'><strong>reginae.</strong></span> <span class='ocrx_word' id='word_1_68' title='bbox 593 1513 682 1577; x_wconf 87' lang='lat' dir='ltr'><strong>Haec</strong></span> <span class='ocrx_word' id='word_1_69' title='bbox 706 1514 862 1577; x_wconf 88' lang='lat' dir='ltr'><strong>Matildis</strong></span> <span class='ocrx_word' id='word_1_70' title='bbox 885 1514 957 1577; x_wconf 90' lang='lat' dir='ltr'><strong>filia</strong></span> <span class='ocrx_word' id='word_1_71' title='bbox 979 1514 1043 1578; x_wconf 86' lang='lat' dir='ltr'><strong>fuit</strong></span> <span class='ocrx_word' id='word_1_72' title='bbox 1066 1514 1158 1578; x_wconf 87' lang='lat' dir='ltr'><strong>Mal-</strong></span> 
     </span>
     <span class='ocr_line' id='line_1_12' title="bbox 213 1611 1160 1694; baseline 0.003 -20"><span class='ocrx_word' id='word_1_73' title='bbox 213 1611 314 1675; x_wconf 90' lang='lat' dir='ltr'><strong>colmi</strong></span> <span class='ocrx_word' id='word_1_74' title='bbox 342 1612 433 1693; x_wconf 87' lang='lat' dir='ltr'><strong>rogis</strong></span> <span class='ocrx_word' id='word_1_75' title='bbox 458 1614 637 1677; x_wconf 87' lang='lat' dir='ltr'><strong>Scotorum</strong></span> <span class='ocrx_word' id='word_1_76' title='bbox 664 1621 699 1676; x_wconf 86' lang='lat' dir='ltr'><strong>et</strong></span> <span class='ocrx_word' id='word_1_77' title='bbox 721 1621 850 1677; x_wconf 85' lang='lat' dir='ltr'><strong>sanctae</strong></span> <span class='ocrx_word' id='word_1_78' title='bbox 875 1613 1085 1694; x_wconf 85' lang='lat' dir='ltr'><strong>Margaretae</strong></span> <span class='ocrx_word' id='word_1_79' title='bbox 1107 1634 1160 1677; x_wconf 91' lang='lat' dir='ltr'><strong>re·</strong></span> 
     </span>
     <span class='ocr_line' id='line_1_13' title="bbox 212 1710 1160 1794; baseline 0.002 -20"><span class='ocrx_word' id='word_1_80' title='bbox 212 1710 313 1791; x_wconf 84' lang='lat' dir='ltr'><strong>ginae.</strong></span> <span class='ocrx_word' id='word_1_81' title='bbox 368 1712 570 1794; x_wconf 87' lang='lat' dir='ltr'><strong>Margareta</strong></span> <span class='ocrx_word' id='word_1_82' title='bbox 593 1712 664 1774; x_wconf 86' lang='lat' dir='ltr'><strong>filia</strong></span> <span class='ocrx_word' id='word_1_83' title='bbox 687 1712 751 1775; x_wconf 86' lang='lat' dir='ltr'><strong>fuit</strong></span> <span class='ocrx_word' id='word_1_84' title='bbox 767 1712 963 1788; x_wconf 86' lang='lat' dir='ltr'><strong>Eadwardi,</strong></span> <span class='ocrx_word' id='word_1_85' title='bbox 980 1732 1082 1794; x_wconf 89' lang='lat' dir='ltr'><strong>quam</strong></span> <span class='ocrx_word' id='word_1_86' title='bbox 1101 1733 1160 1793; x_wconf 86' lang='lat' dir='ltr'><strong>ge-</strong></span> 
     </span>
     <span class='ocr_line' id='line_1_14' title="bbox 213 1810 1159 1892; baseline 0.002 -20"><span class='ocrx_word' id='word_1_87' title='bbox 213 1817 337 1874; x_wconf 90' lang='lat' dir='ltr'><strong>nuerat</strong></span> <span class='ocrx_word' id='word_1_88' title='bbox 353 1830 397 1873; x_wconf 83' lang='lat' dir='ltr'><strong>ex</strong></span> <span class='ocrx_word' id='word_1_89' title='bbox 415 1810 556 1892; x_wconf 81' lang='lat' dir='ltr'><strong>Agatha</strong></span> <span class='ocrx_word' id='word_1_90' title='bbox 578 1831 695 1874; x_wconf 89' lang='lat' dir='ltr'><strong>sorore</strong></span> <span class='ocrx_word' id='word_1_91' title='bbox 713 1810 858 1874; x_wconf 91' lang='lat' dir='ltr'><strong>Henrici</strong></span> <span class='ocrx_word' id='word_1_92' title='bbox 882 1810 1031 1874; x_wconf 88' lang='lat' dir='ltr'><strong>Romani</strong></span> <span class='ocrx_word' id='word_1_93' title='bbox 1051 1813 1159 1892; x_wconf 89' lang='lat' dir='ltr'><strong>impe-</strong></span> 
     </span>
    </p>
   </div>
   <div class='ocr_carea' id='block_1_3' title="bbox 211 1908 1163 2487">
    <p class='ocr_par' dir='ltr' id='par_1_3' title="bbox 211 1908 1163 2487">
     <span class='ocr_line' id='line_1_15' title="bbox 214 1908 1158 1974; baseline -0.001 -1"><span class='ocrx_word' id='word_1_94' title='bbox 214 1910 352 1973; x_wconf 89' lang='lat' dir='ltr'><strong>ratoris.</strong></span> <span class='ocrx_word' id='word_1_95' title='bbox 393 1909 466 1974; x_wconf 88' lang='lat' dir='ltr'><strong>Iste</strong></span> <span class='ocrx_word' id='word_1_96' title='bbox 485 1909 698 1974; x_wconf 85' lang='lat' dir='ltr'><strong>Eadwardus</strong></span> <span class='ocrx_word' id='word_1_97' title='bbox 715 1909 806 1971; x_wconf 82' lang='lat' dir='ltr'><strong>lilius</strong></span> <span class='ocrx_word' id='word_1_98' title='bbox 820 1909 885 1972; x_wconf 88' lang='lat' dir='ltr'><strong>fuit</strong></span> <span class='ocrx_word' id='word_1_99' title='bbox 897 1908 1089 1972; x_wconf 90' lang='lat' dir='ltr'><strong>Eadmuudi</strong></span> <span class='ocrx_word' id='word_1_100' title='bbox 1105 1930 1158 1972; x_wconf 90' lang='lat' dir='ltr'><strong>re·</strong></span> 
     </span>
     <span class='ocr_line' id='line_1_16' title="bbox 215 2006 1158 2092; baseline -0.002 -20"><span class='ocrx_word' id='word_1_101' title='bbox 215 2006 269 2088; x_wconf 84' lang='lat' dir='ltr'><strong>gis</strong></span> <span class='ocrx_word' id='word_1_102' title='bbox 288 2008 494 2089; x_wconf 84' lang='lat' dir='ltr'><strong>Anglorum,</strong></span> <span class='ocrx_word' id='word_1_103' title='bbox 515 2010 574 2092; x_wconf 91' lang='lat' dir='ltr'><strong>qui</strong></span> <span class='ocrx_word' id='word_1_104' title='bbox 594 2008 866 2072; x_wconf 86' lang='lat' dir='ltr'><strong>Latus-ferreum</strong></span> <span class='ocrx_word' id='word_1_105' title='bbox 890 2007 1079 2083; x_wconf 89' lang='lat' dir='ltr'><strong>dicebatur,</strong></span> <span class='ocrx_word' id='word_1_106' title='bbox 1102 2027 1158 2070; x_wconf 91' lang='lat' dir='ltr'><strong>cu·</strong></span> 
     </span>
     <span class='ocr_line' id='line_1_17' title="bbox 211 2105 1160 2190; baseline 0.001 -22"><span class='ocrx_word' id='word_1_107' title='bbox 211 2105 272 2189; x_wconf 88' lang='lat' dir='ltr'><strong>jus</strong></span> <span class='ocrx_word' id='word_1_108' title='bbox 298 2108 398 2189; x_wconf 75' lang='lat' dir='ltr'><strong>pater</strong></span> <span class='ocrx_word' id='word_1_109' title='bbox 422 2108 488 2172; x_wconf 85' lang='lat' dir='ltr'><strong>fuit</strong></span> <span class='ocrx_word' id='word_1_110' title='bbox 510 2128 572 2171; x_wconf 84' lang='lat' dir='ltr'><strong>rex</strong></span> <span class='ocrx_word' id='word_1_111' title='bbox 601 2107 818 2183; x_wconf 77' lang='lat' dir='ltr'><strong>EthelreduS,</strong></span> <span class='ocrx_word' id='word_1_112' title='bbox 843 2106 943 2190; x_wconf 91' lang='lat' dir='ltr'><strong>cujus</strong></span> <span class='ocrx_word' id='word_1_113' title='bbox 971 2114 1071 2187; x_wconf 89' lang='lat' dir='ltr'><strong>pater</strong></span> <span class='ocrx_word' id='word_1_114' title='bbox 1098 2127 1160 2169; x_wconf 80' lang='lat' dir='ltr'><strong>rex</strong></span> 
     </span>
     <span class='ocr_line' id='line_1_18' title="bbox 217 2205 1161 2289; baseline -0.001 -21"><span class='ocrx_word' id='word_1_115' title='bbox 217 2205 397 2287; x_wconf 84' lang='lat' dir='ltr'><strong>Eadgarus</strong></span> <span class='ocrx_word' id='word_1_116' title='bbox 417 2206 601 2282; x_wconf 73' lang='lat' dir='ltr'><strong>PacificuS,</strong></span> <span class='ocrx_word' id='word_1_117' title='bbox 615 2207 714 2289; x_wconf 91' lang='lat' dir='ltr'><strong>cujus</strong></span> <span class='ocrx_word' id='word_1_118' title='bbox 732 2214 830 2288; x_wconf 88' lang='lat' dir='ltr'><strong>pater</strong></span> <span class='ocrx_word' id='word_1_119' title='bbox 847 2226 908 2270; x_wconf 86' lang='lat' dir='ltr'><strong>rex</strong></span> <span class='ocrx_word' id='word_1_120' title='bbox 925 2205 1161 2280; x_wconf 87' lang='lat' dir='ltr'><strong>Eadmundus,</strong></span> 
     </span>
     <span class='ocr_line' id='line_1_19' title="bbox 214 2304 1163 2389; baseline -0.001 -22"><span class='ocrx_word' id='word_1_121' title='bbox 214 2304 314 2388; x_wconf 90' lang='lat' dir='ltr'><strong>cujus</strong></span> <span class='ocrx_word' id='word_1_122' title='bbox 340 2313 439 2386; x_wconf 89' lang='lat' dir='ltr'><strong>pater</strong></span> <span class='ocrx_word' id='word_1_123' title='bbox 460 2326 522 2370; x_wconf 87' lang='lat' dir='ltr'><strong>rex</strong></span> <span class='ocrx_word' id='word_1_124' title='bbox 540 2306 753 2369; x_wconf 87' lang='lat' dir='ltr'><strong>Eadwardus</strong></span> <span class='ocrx_word' id='word_1_125' title='bbox 774 2306 918 2389; x_wconf 91' lang='lat' dir='ltr'><strong>primus,</strong></span> <span class='ocrx_word' id='word_1_126' title='bbox 940 2304 1039 2387; x_wconf 88' lang='lat' dir='ltr'><strong>cujus</strong></span> <span class='ocrx_word' id='word_1_127' title='bbox 1063 2311 1163 2386; x_wconf 89' lang='lat' dir='ltr'><strong>pater</strong></span> 
     </span>
     <span class='ocr_line' id='line_1_20' title="bbox 216 2403 1162 2487; baseline -0.001 -21"><span class='ocrx_word' id='word_1_128' title='bbox 216 2403 283 2466; x_wconf 83' lang='lat' dir='ltr'><strong>suit</strong></span> <span class='ocrx_word' id='word_1_129' title='bbox 318 2404 461 2468; x_wconf 88' lang='lat' dir='ltr'><strong>illustris</strong></span> <span class='ocrx_word' id='word_1_130' title='bbox 496 2426 559 2468; x_wconf 83' lang='lat' dir='ltr'><strong>rex</strong></span> <span class='ocrx_word' id='word_1_131' title='bbox 593 2404 785 2485; x_wconf 83' lang='lat' dir='ltr'><strong>Anglorum</strong></span> <span class='ocrx_word' id='word_1_132' title='bbox 819 2403 990 2468; x_wconf 84' lang='lat' dir='ltr'><strong>Alfredus.</strong></span> <span class='ocrx_word' id='word_1_133' title='bbox 1045 2403 1162 2487; x_wconf 89' lang='lat' dir='ltr'><strong>Hujus</strong></span> 
     </span>
    </p>
   </div>
   <div class='ocr_carea' id='block_1_4' title="bbox 217 2501 1164 3063">
    <p class='ocr_par' dir='ltr' id='par_1_4' title="bbox 217 2501 1163 2881">
     <span class='ocr_line' id='line_1_21' title="bbox 217 2501 1162 2585; baseline -0.001 -19"><span class='ocrx_word' id='word_1_134' title='bbox 217 2501 422 2584; x_wconf 80' lang='lat' dir='ltr'><strong>genealogia</strong></span> <span class='ocrx_word' id='word_1_135' title='bbox 442 2505 478 2567; x_wconf 92' lang='lat' dir='ltr'><strong>in</strong></span> <span class='ocrx_word' id='word_1_136' title='bbox 502 2503 695 2585; x_wconf 81' lang='lat' dir='ltr'><strong>Anglorum</strong></span> <span class='ocrx_word' id='word_1_137' title='bbox 717 2503 869 2567; x_wconf 90' lang='lat' dir='ltr'><strong>historiis</strong></span> <span class='ocrx_word' id='word_1_138' title='bbox 890 2503 1089 2585; x_wconf 86' lang='lat' dir='ltr'><strong>perducitur</strong></span> <span class='ocrx_word' id='word_1_139' title='bbox 1105 2523 1162 2565; x_wconf 92' lang='lat' dir='ltr'><strong>us·</strong></span> 
     </span>
     <span class='ocr_line' id='line_1_22' title="bbox 217 2601 1163 2686; baseline -0.001 -22"><span class='ocrx_word' id='word_1_140' title='bbox 217 2621 285 2683; x_wconf 89' lang='lat' dir='ltr'><strong>que</strong></span> <span class='ocrx_word' id='word_1_141' title='bbox 307 2601 350 2664; x_wconf 87' lang='lat' dir='ltr'><strong>ad</strong></span> <span class='ocrx_word' id='word_1_142' title='bbox 375 2601 488 2666; x_wconf 84' lang='lat' dir='ltr'><strong>Adam</strong></span> <span class='ocrx_word' id='word_1_143' title='bbox 518 2605 665 2686; x_wconf 91' lang='lat' dir='ltr'><strong>primum</strong></span> <span class='ocrx_word' id='word_1_144' title='bbox 694 2610 883 2684; x_wconf 89' lang='lat' dir='ltr'><strong>parentem.</strong></span> <span class='ocrx_word' id='word_1_145' title='bbox 929 2601 1073 2664; x_wconf 86' lang='lat' dir='ltr'><strong>Talibus</strong></span> <span class='ocrx_word' id='word_1_146' title='bbox 1100 2621 1163 2663; x_wconf 91' lang='lat' dir='ltr'><strong>au·</strong></span> 
     </span>
     <span class='ocr_line' id='line_1_23' title="bbox 217 2699 1163 2783; baseline -0.002 -20"><span class='ocrx_word' id='word_1_147' title='bbox 217 2709 286 2763; x_wconf 91' lang='lat' dir='ltr'><strong>tem</strong></span> <span class='ocrx_word' id='word_1_148' title='bbox 309 2701 510 2782; x_wconf 86' lang='lat' dir='ltr'><strong>imperatrix</strong></span> <span class='ocrx_word' id='word_1_149' title='bbox 532 2701 743 2783; x_wconf 78' lang='lat' dir='ltr'><strong>genitoribus</strong></span> <span class='ocrx_word' id='word_1_150' title='bbox 776 2706 956 2781; x_wconf 87' lang='lat' dir='ltr'><strong>procreata</strong></span> <span class='ocrx_word' id='word_1_151' title='bbox 978 2699 1163 2781; x_wconf 90' lang='lat' dir='ltr'><strong>imperiali·</strong></span> 
     </span>
     <span class='ocr_line' id='line_1_24' title="bbox 217 2797 1097 2881; baseline -0.009 -18"><span class='ocrx_word' id='word_1_152' title='bbox 217 2800 282 2863; x_wconf 89' lang='lat' dir='ltr'><strong>bns</strong></span> <span class='ocrx_word' id='word_1_153' title='bbox 304 2800 435 2881; x_wconf 88' lang='lat' dir='ltr'><strong>nuptiis</strong></span> <span class='ocrx_word' id='word_1_154' title='bbox 458 2799 492 2863; x_wconf 92' lang='lat' dir='ltr'><strong>in</strong></span> <span class='ocrx_word' id='word_1_155' title='bbox 517 2801 675 2863; x_wconf 89' lang='lat' dir='ltr'><strong>omnibus</strong></span> <span class='ocrx_word' id='word_1_156' title='bbox 693 2798 894 2879; x_wconf 84' lang='lat' dir='ltr'><strong>dignissima</strong></span> <span class='ocrx_word' id='word_1_157' title='bbox 911 2797 1097 2879; x_wconf 86' lang='lat' dir='ltr'><strong>judicatur.</strong></span> 
     </span>
    </p>

    <p class='ocr_par' dir='ltr' id='par_1_5' title="bbox 217 2892 1164 3063">
     <span class='ocr_line' id='line_1_25' title="bbox 270 2892 1164 2982; baseline -0.007 -21"><span class='ocrx_word' id='word_1_158' title='bbox 270 2892 366 2961; x_wconf 89' lang='lat' dir='ltr'><strong>Huc¹</strong></span> <span class='ocrx_word' id='word_1_159' title='bbox 387 2918 496 2980; x_wconf 91' lang='lat' dir='ltr'><strong>usque</strong></span> <span class='ocrx_word' id='word_1_160' title='bbox 518 2900 655 2982; x_wconf 87' lang='lat' dir='ltr'><strong>scripsit</strong></span> <span class='ocrx_word' id='word_1_161' title='bbox 672 2898 810 2961; x_wconf 88' lang='lat' dir='ltr'><strong>cronica</strong></span> <span class='ocrx_word' id='word_1_162' title='bbox 831 2896 990 2959; x_wconf 89' lang='lat' dir='ltr'><strong>dominus</strong></span> <span class='ocrx_word' id='word_1_163' title='bbox 1006 2895 1164 2975; x_wconf 79' lang='lat' dir='ltr'><strong>Rogatus</strong></span> 
     </span>
     <span class='ocr_line' id='line_1_26' title="bbox 217 2997 485 3063; baseline -0.004 -1"><span class='ocrx_word' id='word_1_164' title='bbox 217 2997 260 3062; x_wconf 88' lang='lat' dir='ltr'><strong>de</strong></span> <span class='ocrx_word' id='word_1_165' title='bbox 277 2998 485 3063; x_wconf 90' lang='lat' dir='ltr'><strong>Wendovre.</strong></span> 
     </span>
    </p>
   </div>
   <div class='ocr_carea' id='block_1_5' title="bbox 301 3164 1034 3337">
    <p class='ocr_par' dir='ltr' id='par_1_6' title="bbox 301 3164 1034 3337">
     <span class='ocr_line' id='line_1_27' title="bbox 302 3164 1030 3241; baseline -0.008 -18"><span class='ocrx_word' id='word_1_166' title='bbox 302 3164 404 3223; x_wconf 87' lang='lat' dir='ltr'><strong>Cernis</strong></span> <span class='ocrx_word' id='word_1_167' title='bbox 419 3165 572 3241; x_wconf 76' lang='lat' dir='ltr'><strong>completas</strong></span> <span class='ocrx_word' id='word_1_168' title='bbox 594 3197 600 3210; x_wconf 92' lang='lat'><em>·</em></span> <span class='ocrx_word' id='word_1_169' title='bbox 623 3164 669 3221; x_wconf 91' lang='lat' dir='ltr'><strong>hic</strong></span> <span class='ocrx_word' id='word_1_170' title='bbox 683 3171 780 3220; x_wconf 85' lang='lat' dir='ltr'><strong>nostro</strong></span> <span class='ocrx_word' id='word_1_171' title='bbox 793 3170 919 3239; x_wconf 84' lang='lat' dir='ltr'><strong>tempore</strong></span> <span class='ocrx_word' id='word_1_172' title='bbox 932 3169 1030 3229; x_wconf 86' lang='lat' dir='ltr'><strong>metas,</strong></span> 
     </span>
     <span class='ocr_line' id='line_1_28' title="bbox 301 3258 1034 3337; baseline -0.007 -19"><span class='ocrx_word' id='word_1_173' title='bbox 301 3258 331 3318; x_wconf 91' lang='lat' dir='ltr'><strong>Si</strong></span> <span class='ocrx_word' id='word_1_174' title='bbox 346 3259 409 3337; x_wconf 86' lang='lat' dir='ltr'><strong>plus</strong></span> <span class='ocrx_word' id='word_1_175' title='bbox 420 3260 495 3316; x_wconf 88' lang='lat' dir='ltr'><strong>forte</strong></span> <span class='ocrx_word' id='word_1_176' title='bbox 508 3268 616 3336; x_wconf 76' lang='lat' dir='ltr'><strong>petas·</strong></span> <span class='ocrx_word' id='word_1_177' title='bbox 638 3260 690 3316; x_wconf 91' lang='lat' dir='ltr'><strong>tibi</strong></span> <span class='ocrx_word' id='word_1_178' title='bbox 703 3264 818 3336; x_wconf 58' lang='lat' dir='ltr'><strong>lpostea</strong></span> <span class='ocrx_word' id='word_1_179' title='bbox 831 3259 941 3315; x_wconf 88' lang='lat' dir='ltr'><strong>nuntiet</strong></span> <span class='ocrx_word' id='word_1_180' title='bbox 954 3266 1034 3314; x_wconf 84' lang='lat' dir='ltr'><strong>aetas.</strong></span> 
     </span>
    </p>
   </div>
   <div class='ocr_carea' id='block_1_6' title="bbox 219 3443 1170 3783">
    <p class='ocr_par' dir='ltr' id='par_1_7' title="bbox 219 3443 1170 3783">
     <span class='ocr_line' id='line_1_29' title="bbox 257 3443 1169 3515; baseline -0.005 -18"><span class='ocrx_word' id='word_1_181' title='bbox 257 3445 265 3478; x_wconf 90' lang='lat'>¹</span> <span class='ocrx_word' id='word_1_182' title='bbox 280 3448 339 3497; x_wconf 77' lang='lat' dir='ltr'><strong>Hae</strong></span> <span class='ocrx_word' id='word_1_183' title='bbox 349 3444 447 3515; x_wconf 71' lang='lat' dir='ltr'><strong>usqua]</strong></span> <span class='ocrx_word' id='word_1_184' title='bbox 465 3449 518 3498; x_wconf 85' lang='lat' dir='ltr'><strong>The</strong></span> <span class='ocrx_word' id='word_1_185' title='bbox 535 3464 604 3498; x_wconf 83' lang='lat' dir='ltr'><strong>rame</strong></span> <span class='ocrx_word' id='word_1_186' title='bbox 621 3449 686 3497; x_wconf 80' lang='lat' dir='ltr'><strong>liner</strong></span> <span class='ocrx_word' id='word_1_187' title='bbox 709 3449 791 3498; x_wconf 87' lang='lat' dir='ltr'><strong>editor</strong></span> <span class='ocrx_word' id='word_1_188' title='bbox 807 3449 854 3497; x_wconf 82' lang='lat' dir='ltr'><strong>bae</strong></span> <span class='ocrx_word' id='word_1_189' title='bbox 875 3448 975 3496; x_wconf 88' lang='lat' dir='ltr'><strong>noticed</strong></span> <span class='ocrx_word' id='word_1_190' title='bbox 998 3446 1052 3495; x_wconf 84' lang='lat' dir='ltr'><strong>that</strong></span> <span class='ocrx_word' id='word_1_191' title='bbox 1074 3460 1105 3493; x_wconf 92' lang='lat' dir='ltr'><strong>on</strong></span> <span class='ocrx_word' id='word_1_192' title='bbox 1127 3443 1169 3492; x_wconf 88' lang='lat' dir='ltr'><strong>the</strong></span> 
     </span>
     <span class='ocr_line' id='line_1_30' title="bbox 219 3516 1169 3582; baseline -0.005 -15"><span class='ocrx_word' id='word_1_193' title='bbox 219 3519 354 3582; x_wconf 81' lang='lat' dir='ltr'><strong>preciaely,</strong></span> <span class='ocrx_word' id='word_1_194' title='bbox 371 3518 434 3566; x_wconf 85' lang='lat' dir='ltr'><strong>with</strong></span> <span class='ocrx_word' id='word_1_195' title='bbox 454 3518 496 3566; x_wconf 85' lang='lat' dir='ltr'><strong>the</strong></span> <span class='ocrx_word' id='word_1_196' title='bbox 507 3518 641 3580; x_wconf 89' lang='lat' dir='ltr'><strong>colophon,</strong></span> <span class='ocrx_word' id='word_1_197' title='bbox 657 3533 686 3566; x_wconf 79' lang='lat' dir='ltr'><strong>aa</strong></span> <span class='ocrx_word' id='word_1_198' title='bbox 710 3519 806 3579; x_wconf 77' lang='lat' dir='ltr'><strong>margin</strong></span> <span class='ocrx_word' id='word_1_199' title='bbox 825 3518 848 3565; x_wconf 86' lang='lat' dir='ltr'><strong>ir</strong></span> <span class='ocrx_word' id='word_1_200' title='bbox 864 3517 973 3577; x_wconf 85' lang='lat' dir='ltr'><strong>written,</strong></span> <span class='ocrx_word' id='word_1_201' title='bbox 990 3516 1071 3563; x_wconf 87' lang='lat' dir='ltr'><strong>‘Huc</strong></span> <span class='ocrx_word' id='word_1_202' title='bbox 1088 3528 1169 3573; x_wconf 81' lang='lat' dir='ltr'><strong>usque</strong></span> 
     </span>
     <span class='ocr_line' id='line_1_31' title="bbox 220 3580 925 3648; baseline -0.007 -11"><span class='ocrx_word' id='word_1_203' title='bbox 220 3589 309 3648; x_wconf 85' lang='lat' dir='ltr'><strong>above,</strong></span> <span class='ocrx_word' id='word_1_204' title='bbox 321 3603 397 3636; x_wconf 90' lang='lat' dir='ltr'><strong>occur</strong></span> <span class='ocrx_word' id='word_1_205' title='bbox 416 3589 442 3636; x_wconf 90' lang='lat' dir='ltr'><strong>in</strong></span> <span class='ocrx_word' id='word_1_206' title='bbox 459 3588 501 3636; x_wconf 92' lang='lat' dir='ltr'><strong>the</strong></span> <span class='ocrx_word' id='word_1_207' title='bbox 514 3587 615 3637; x_wconf 84' lang='lat' dir='ltr'><strong>Cotton.</strong></span> <span class='ocrx_word' id='word_1_208' title='bbox 629 3588 684 3636; x_wconf 88' lang='lat' dir='ltr'><strong>MS.</strong></span> <span class='ocrx_word' id='word_1_209' title='bbox 709 3603 724 3636; x_wconf 91' lang='lat' dir='ltr'><strong>e</strong></span> <span class='ocrx_word' id='word_1_210' title='bbox 736 3591 834 3636; x_wconf 81' lang='lat' dir='ltr'><strong>vetusto</strong></span> <span class='ocrx_word' id='word_1_211' title='bbox 844 3580 925 3635; x_wconf 66' lang='lat' dir='ltr'><strong>libro!</strong></span> 
     </span>
     <span class='ocr_line' id='line_1_32' title="bbox 220 3649 1170 3718; baseline -0.011 -12"><span class='ocrx_word' id='word_1_212' title='bbox 220 3672 250 3706; x_wconf 78' lang='lat' dir='ltr'><strong>ue</strong></span> <span class='ocrx_word' id='word_1_213' title='bbox 272 3657 381 3706; x_wconf 86' lang='lat' dir='ltr'><strong>collated</strong></span> <span class='ocrx_word' id='word_1_214' title='bbox 405 3659 438 3718; x_wconf 84' lang='lat' dir='ltr'><strong>by</strong></span> <span class='ocrx_word' id='word_1_215' title='bbox 460 3657 542 3706; x_wconf 87' lang='lat' dir='ltr'><strong>Wats.</strong></span> <span class='ocrx_word' id='word_1_216' title='bbox 592 3657 621 3704; x_wconf 91' lang='lat' dir='ltr'><strong>ln</strong></span> <span class='ocrx_word' id='word_1_217' title='bbox 644 3656 687 3705; x_wconf 87' lang='lat' dir='ltr'><strong>the</strong></span> <span class='ocrx_word' id='word_1_218' title='bbox 747 3654 879 3717; x_wconf 79' lang='lat' dir='ltr'><strong>&#39;Porteo.]</strong></span> <span class='ocrx_word' id='word_1_219' title='bbox 905 3655 946 3702; x_wconf 81' lang='lat' dir='ltr'><strong>An</strong></span> <span class='ocrx_word' id='word_1_220' title='bbox 962 3666 1031 3700; x_wconf 83' lang='lat' dir='ltr'><strong>error</strong></span> <span class='ocrx_word' id='word_1_221' title='bbox 1047 3649 1170 3711; x_wconf 87' lang='lat' dir='ltr'><strong>probably</strong></span> 
     </span>
     <span class='ocr_line' id='line_1_33' title="bbox 223 3715 1078 3783; baseline -0.009 -8"><span class='ocrx_word' id='word_1_222' title='bbox 223 3726 281 3776; x_wconf 86' lang='lat' dir='ltr'><strong>MS.</strong></span> <span class='ocrx_word' id='word_1_223' title='bbox 292 3727 321 3774; x_wconf 84' lang='lat' dir='ltr'><strong>of</strong></span> <span class='ocrx_word' id='word_1_224' title='bbox 335 3727 461 3776; x_wconf 84' lang='lat' dir='ltr'><strong>Matthew</strong></span> <span class='ocrx_word' id='word_1_225' title='bbox 474 3728 548 3775; x_wconf 82' lang='lat' dir='ltr'><strong>Paria</strong></span> <span class='ocrx_word' id='word_1_226' title='bbox 558 3727 601 3775; x_wconf 88' lang='lat' dir='ltr'><strong>the</strong></span> <span class='ocrx_word' id='word_1_227' title='bbox 618 3740 687 3775; x_wconf 79' lang='lat' dir='ltr'><strong>rame</strong></span> <span class='ocrx_word' id='word_1_228' title='bbox 711 3725 740 3773; x_wconf 73' lang='grc' dir='ltr'><strong>οῖ’</strong></span> <span class='ocrx_word' id='word_1_229' title='bbox 747 3724 790 3773; x_wconf 88' lang='lat' dir='ltr'><strong>the</strong></span> <span class='ocrx_word' id='word_1_230' title='bbox 801 3724 883 3773; x_wconf 75' lang='lat' dir='ltr'><strong>scribe</strong></span> <span class='ocrx_word' id='word_1_231' title='bbox 895 3722 933 3771; x_wconf 84' lang='lat' dir='ltr'><strong>for</strong></span> <span class='ocrx_word' id='word_1_232' title='bbox 943 3722 951 3749; x_wconf 85' lang='lat'>‘</span> <span class='ocrx_word' id='word_1_233' title='bbox 962 3715 1078 3783; x_wconf 66' lang='lat' dir='ltr'><strong>postera?</strong></span> 
     </span>
    </p>
   </div>
   <div class='ocr_carea' id='block_1_7' title="bbox 0 0 1510 4996">
    <p class='ocr_par' dir='ltr' id='par_1_8' title="bbox 0 0 1510 4996">
     <span class='ocr_line' id='line_1_34' title="bbox 0 0 1510 4996; baseline 0 0"><span class='ocrx_word' id='word_1_234' title='bbox 0 0 1510 4996; x_wconf 95' lang='lat' dir='ltr'><strong> </strong></span> 
     </span>
    </p>
   </div>
  </div>
 </body>
</html>
