2978 4996
412 460 552 510 rannus
575 461 845 512 nrsroaraauu.
1034 448 1100 514 287

149 615 246 681 deret
260 623 307 692 et,
325 616 435 680 modis
451 618 609 681 omnibus
623 617 748 699 quibus
765 625 895 701 posset,
901 627 1097 699 gravarem
1112 634 1167 723 gn·
1179 634 1234 722 ¹²2³

149 715 243 796 quod
266 716 425 779 omnibus
446 716 578 798 liquere
597 723 713 798 potest
731 736 794 798 per
809 726 963 780 tenorem
981 694 1211 830 litera-1133&
1212 733 1255 821 ἐι

150 831 227 876 rum
244 832 384 877 suarum
388 816 536 895 ,quibus
554 833 616 896 per
627 814 793 896 Angliam
809 816 1003 896 generalem
1018 815 1099 880 fecit
1111 831 1210 871 mmm

151 912 462 976 convocationem
452 932 489 974 m
507 933 618 977 meum
636 914 792 977 exitium.
845 914 986 977 Etcum
1009 933 1098 995 prae-

151 1009 247 1074 dicta
263 1011 340 1073 ab
330 1012 416 1091 1psis
438 1010 521 1074 mihi
540 1012 702 1093 imposita
723 1011 812 1074 salsa
831 1013 913 1087 sint,
929 1020 964 1076 et
981 1031 1099 1076 verum

151 1109 314 1190 estquod
330 1128 392 1172 rex
408 1128 446 1171 se
459 1110 560 1192 pejus
583 1110 704 1173 habuit
719 1116 841 1174 contra
863 1129 917 1173 me
933 1116 1099 1191 tempore,

151 1226 222 1289 quo
251 1207 360 1288 ipsius
392 1208 661 1272 misericordiam
695 1209 895 1290 exspectavi
927 1227 1030 1290 quam
1064 1210 1099 1272 in

151 1305 221 1369 alio
240 1306 358 1387 aliquo
380 1313 546 1388 tempore,
569 1313 604 1370 et
621 1306 733 1370 adhuc
748 1308 858 1370 utitur
879 1305 999 1370 eodem
1017 1326 1099 1370 con-

153 1403 233 1468 silio
248 1424 317 1486 quo
333 1405 438 1468 etiam
453 1413 549 1481 tunc,
565 1413 601 1468 et
616 1423 693 1468 cnm
709 1406 852 1487 praecise
866 1405 999 1469 nitatur
1013 1425 1099 1468 sem-

152 1520 216 1584 per
247 1503 400 1567 consiliis
430 1523 548 1566 eorum
580 1504 615 1567 in
647 1505 804 1568 omnibus
834 1498 1028 1581 ¹utendum,
1057 1504 1100 1568 de

152 1619 300 1682 qnorum
322 1602 465 1665 consilio
495 1602 606 1665 sentio
633 1603 749 1665 omnia
779 1603 945 1684 praedicta
974 1623 1099 1683 grava-

153 1700 246 1763 mina
267 1699 351 1763 mihi
372 1708 408 1764 et
424 1701 508 1764 meis
529 1700 639 1776 illata,
663 1700 739 1782 ejus
758 1720 821 1763 nos
845 1702 1014 1783 subjicere
1040 1703 1102 1765 mi·

153 1797 349 1863 scricordiae
368 1817 437 1862 non
455 1799 632 1863 debemus.
686 1797 761 1862 Nec
788 1798 853 1862 hoc
879 1807 971 1862 esset
993 1800 1102 1863 honor

153 1895 258 1977 regis,
274 1896 366 1979 quod
383 1897 554 1961 voluntati
576 1917 649 1961 suae
672 1897 911 1972 consentirem,
931 1916 1009 1978 quae
1033 1917 1100 1961 non

154 2001 248 2058 esset
263 1996 397 2059 ratione
411 1997 580 2074 subnixa;
606 1997 676 2060 imo
691 1996 838 2060 facerem
854 1997 919 2059 sibi
939 1996 1101 2077 injuriam

154 2100 190 2157 ct
203 2093 364 2177 justitia,
379 2114 483 2176 quam
500 2096 574 2177 ipse
594 2095 629 2158 in
644 2094 801 2159 subditos
823 2113 984 2158 exercere
1000 2095 1101 2159 debet

153 2197 190 2254 et
208 2210 425 2257 conservare.
478 2194 525 2257 Et
539 2194 666 2257 malam
683 2194 878 2276 exemplum
895 2194 1011 2257 darem
1029 2213 1101 2257 om-

153 2290 265 2369 nibus,
282 2290 444 2356 videlicet
456 2291 635 2356 deserendi
647 2293 820 2375 justitiam
837 2301 872 2358 et
882 2293 972 2376 juris
988 2313 1100 2374 perse

153 2388 338 2466 cntionem,
363 2400 505 2472 propter
530 2392 745 2455 voluntatem
768 2411 958 2468 erroneam,
978 2400 1100 2456 contra

154 2507 289 2551 omnem
311 2488 485 2571 justitiam
508 2499 544 2554 et
566 2490 729 2573 injuriam
752 2491 988 2569 subditorum3
1020 2511 1099 2554 nam

154 2605 200 2651 ex
218 2585 285 2651 hoc
307 2596 490 2669 appareret
510 2607 573 2652 nos
598 2588 741 2670 diligere
764 2590 842 2671 plus
864 2590 1099 2670 possessiones

154 2692 292 2749 nostras
309 2686 500 2751 mundanas
513 2706 616 2769 quam
635 2687 747 2769 ipsam
760 2687 956 2769 justitiam!
1009 2687 1098 2751 Item

154 2792 353 2865 proponunt
368 2793 490 2850 contra
514 2785 759 2849 Marescallum
786 2785 972 2850 consiliarii
994 2787 1098 2866 regis,

155 2883 247 2964 quod
267 2882 524 2948 consoederatus
548 2892 602 2948 est
618 2884 824 2966 capitalibus
847 2883 993 2946 inimicis
1011 2884 1098 2966 ejus,

156 2980 316 3046 videlicet
338 2982 576 3063 Franciganis,
598 2982 711 3046 Scotis
734 2989 769 3046 et
787 2981 1034 3059 wallensibus,
1063 2992 1099 3046 et

154 3079 293 3146 videtur
307 3081 356 3144 eis
382 3081 448 3145 hoc
469 3081 591 3145 fecisse
617 3081 653 3145 in
671 3082 786 3145 odium
802 3090 838 3146 et
853 3080 1015 3145 damnum
1037 3081 1098 3146 do·

155 3179 238 3243 mini
263 3180 354 3259 regis
377 3187 412 3244 et
427 3180 536 3259 regni.
589 3178 646 3244 Ad
669 3180 733 3244 hoc
757 3180 841 3245 dicit
858 3180 1099 3258 Marescallus,

155 3276 280 3359 ‘qnod
311 3277 353 3341 de
388 3278 612 3360 Francigenis
645 3279 768 3343 salsum
806 3287 860 3344 est
887 3281 1098 3363 simpliciter.

155 3374 258 3453 Quod
280 3375 409 3440 (lictum
428 3386 482 3441 est
496 3377 538 3441 de
561 3376 675 3440 Scotis
697 3385 733 3442 et
747 3378 983 3443 Wallensibus
1006 3381 1099 3443 simi·

153 3473 233 3539 liter
255 3474 378 3537 salsum
406 3484 472 3552 est,
493 3483 726 3559 praeterquam
748 3478 791 3541 de
813 3497 894 3559 rege
916 3477 1042 3542 Scotiae
1065 3487 1100 3541 et

154 3571 299 3637 Loelino
317 3575 470 3656 principe
494 3573 708 3651 Norwalliae,
723 3576 782 3656 qui
800 3595 869 3639 non
884 3575 1024 3651 inimici,
1039 3576 1099 3638 scd

153 3671 368 3755 fideles-ejus
390 3674 541 3750 fuerunt,
564 3693 743 3755 quousque
763 3693 824 3755 per
845 3673 991 3755 injurias
1013 3674 1099 3754 ipsis

152 3789 176 3834 a
192 3791 273 3852 rege
296 3779 331 3836 et
349 3772 424 3855 ejus
445 3773 652 3837 consiliariis
675 3773 791 3837 illatas
810 3791 832 3835 a
848 3771 1014 3835 fidelitate
1036 3790 1100 3834 sua

152 3868 253 3934 inviti
280 3877 314 3934 et
334 3871 459 3948 coacti,
483 3872 574 3935 sicut
596 3878 631 3935 et
654 3891 731 3951 ego,
759 3871 900 3934 alienati
927 3878 1032 3948 sunt;
1065 3879 1101 3933 et

151 3976 294 4051 propter
310 3969 374 4033 hoc
397 3991 477 4034 cum
499 3971 568 4034 illis
591 3970 846 4034 confoederatus
868 3988 956 4045 sum,
974 3975 1014 4031 ut
1029 3988 1100 4030 me·

151 4213 169 4261 t·
186 4139 193 4169 ¹
211 4144 363 4208 Utendum]
393 4145 508 4195 Inserted
525 4147 550 4193 in
571 4147 611 4207 0.,
628 4147 673 4193 but
685 4145 726 4194 the
742 4145 793 4194 line
805 4145 827 4193 is
840 4143 944 4193 marked
956 4143 995 4192 t‘or
1006 4158 1103 4192 correc-

163 4228 212 4263 ιοιι.
