2978 4996
370 446 416 509 46
628 459 761 508 sooner
787 459 833 505 nn
860 457 1067 506 wannovsa

211 646 334 687 anna.
373 628 438 696 tes,
464 618 608 700 nigredo
631 619 801 682 obdurata
826 619 1018 701 potentiam
1041 618 1186 682 abstulit
1204 621 1327 684 masti-

372 717 486 794 candi,
510 716 628 799 sicque
654 717 760 798 longo
783 715 912 780 doloris
936 724 1051 780 tractu
1076 716 1195 781 afflicti
1222 719 1324 783 multi

372 818 415 881 ad
446 817 633 880 Dominum
661 815 919 897 migraverunt;
950 815 1090 898 quidam
1104 835 1187 880 vero
1210 837 1321 899 usque

372 917 415 979 ad
446 923 583 997 tempus
608 915 749 978 vernale
777 915 976 981 laborantes
1001 915 1127 979 caloris
1154 915 1323 980 beneficio
1386 916 1390 922 “

372 1015 493 1078 mortis
510 1013 699 1096 periculum
717 1020 916 1078 evaserunt.
969 1013 1099 1078 Eodem
1118 1033 1222 1092 anno,
1244 1035 1323 1097 pro-

372 1121 514 1177 curante
525 1111 674 1177 Walone
692 1113 895 1196 apostolicae
912 1112 1004 1177 sedis
1026 1113 1156 1193 legato,
1174 1113 1323 1178 Richar-

371 1213 438 1276 dus
459 1212 502 1276 de
523 1211 675 1275 Marisco
694 1213 852 1289 clericus,
875 1212 919 1275 de
942 1210 1075 1275 familia
1095 1219 1131 1275 et
1154 1205 1323 1277 ¹moribus

373 1311 464 1393 regis
481 1309 666 1386 iohannis,
689 1310 802 1374 factus
825 1319 879 1375 est
902 1309 1086 1393 episcopus
1109 1310 1322 1376 Dunelmen·

372 1411 433 1486 sis,
456 1409 516 1492 qui
539 1428 630 1472 nono
648 1407 815 1473 kalendas
834 1408 985 1492 Augusti
1000 1428 1125 1473 munus
1141 1428 1323 1474 consecra·

372 1508 478 1571 tionis
500 1508 665 1590 suscepit.

437 1677 610 1743 Wiliclmus
626 1679 854 1745 Marmelclius
868 1680 950 1746 dnm
965 1678 1079 1745 charit
1094 1688 1270 1744 eutromius.

210 1808 360 1898 3323&
433 1799 538 1865 Anno
568 1801 762 1866 Dominicae
794 1802 1042 1867 incarnationis
1072 1816 1232 1868 mccxrx.
1258 1823 1322 1868 rex

210 1908 338 1998 ffigsm
374 1897 549 1964 Henrious
573 1909 699 1983 quarto
723 1903 820 1983 regni
843 1902 897 1964 sui
920 1920 1011 1965 anno
1040 1902 1105 1964 suit
1131 1901 1176 1965 ad
1205 1903 1322 1967 natale

373 1997 514 2062 Domini
540 2000 633 2082 apud
659 1999 885 2077 Wintoniam,
913 2000 969 2063 cni
1000 1999 1138 2077 Petras,
1166 2000 1322 2086 ejusdem

373 2097 525 2162 civitatis
542 2100 738 2180 episcopus,
755 2099 869 2162 omnia
886 2100 1082 2162 necessaria
1099 2099 1321 2167 ministravit.

374 2196 459 2273 Quo
474 2198 579 2260 etiam
598 2204 751 2279 tempore
768 2196 965 2261 Willelmus
988 2197 1027 2259 M
1030 2197 1254 2275 areschallus,
1271 2218 1323 2263 re-

372 2293 427 2375 gis
443 2301 557 2358 rector
568 2303 603 2358 et
616 2295 727 2376 regni,
741 2287 848 2358 ²diem
862 2296 989 2361 clausit
1004 2304 1195 2360 extremum
1209 2317 1218 2374 ;
1241 2305 1323 2378 post

373 2392 473 2474 quns
495 2401 639 2457 mortem
663 2401 872 2459 memoratus
887 2414 950 2458 rex
973 2395 1008 2458 in
1031 2394 1188 2459 custodia
1211 2395 1322 2474 Petri,

373 2488 623 2554 wintoniensis
639 2493 803 2574 episcopi,
819 2494 997 2557 remansit.

448 2663 497 2727 De
510 2662 662 2730 obsid-ione
678 2664 765 2730 arbit
779 2666 931 2730 Damiatae
945 2676 973 2730 ct
990 2667 1240 2731 Christianorum

760 2764 934 2848 afflictione.

423 2883 571 2951 Eodem³
603 2897 757 2970 tempore
789 2887 967 2971 Pelagius,
1001 2888 1202 2971 apostolicae
1230 2887 1322 2951 sedis

373 2986 523 3067 legatus,
542 2980 687 3050 ⁴ardens
703 2985 901 3068 habensque
921 2986 1128 3051 desiderium
1146 2986 1323 3051 civitatem

375 3084 571 3147 Damietam
605 3083 796 3160 obsidendi,
834 3084 1052 3149 Christianos
1087 3092 1167 3168 post
1200 3085 1322 3149 turrim

410 3308 569 3375 ¹Moriias.]
594 3311 645 3361 His
667 3311 835 3362 characteris
883 3313 1048 3374 ‘Sumqnem
1059 3314 1194 3362 Saturnum
1207 3310 1325 3360 slhisen·

373 3382 448 3444 given
469 3382 495 3429 in
512 3381 555 3429 the
573 3381 709 3442 Waverley
728 3382 835 3444 Annala,
931 3383 965 3430 sit
977 3383 1110 3443 Hibernia,
1121 3382 1204 3432 Solem

372 3449 457 3498 where
469 3450 501 3498 he
519 3450 541 3498 is
557 3450 655 3510 spoken
671 3450 701 3499 os
714 3465 743 3500 as
760 3452 835 3514 being
900 3452 1005 3514 Anglia,
1024 3452 1181 3501 Mercurium
1197 3449 1324 3500 Numan·

372 3514 575 3579 ‘astutissimns,’
592 3519 642 3567 and
659 3534 688 3569 as
704 3535 751 3569 one
762 3520 835 3570 ‘nnl-
930 3521 982 3581 nia,
992 3520 1079 3571 Gallia
1090 3514 1216 3570 Martem!

372 3587 424 3637 lius
433 3589 552 3650 egestatis
559 3590 678 3638 misertus
686 3589 726 3637 vel
736 3591 780 3650 qni
788 3591 835 3638 mi·

373 3659 447 3708 seria
462 3658 661 3719 condescendit'
675 3672 701 3720 p.
712 3661 768 3708 lss.
791 3658 834 3708 He
895 3654 1005 3708 ’Eodem
1016 3658 1140 3721 tempere]
1163 3657 1222 3708 Jac.
1233 3657 1266 3707 de
1277 3657 1324 3706 Vi-

372 3727 433 3777 died
456 3727 583 3789 suddenly
597 3731 624 3775 at
645 3728 834 3790 Peterborongh
859 3727 948 3790 triaco,
959 3743 985 3789 p.
996 3731 1074 3787 11³5;
1092 3725 1324 3776 Oliver.Scholast.

372 3811 405 3844 on
420 3796 463 3845 the
475 3802 515 3846 lst
525 3797 554 3845 oi
569 3797 631 3857 May
645 3799 718 3857 lano,
733 3797 835 3859 leaving
860 3811 886 3858 p.
896 3799 969 3845 1186.

372 3865 445 3915 debts
466 3871 493 3916 to
514 3867 557 3915 the
574 3870 678 3915 amount
696 3866 726 3914 of
743 3871 835 3928 tomo
895 3863 1033 3928 Malean]
1057 3865 1139 3914 There
1157 3878 1213 3914 was
1232 3878 1249 3913 a
1266 3878 1323 3925 pro·

371 3934 467 3983 marks.
860 3933 1160 3996 phecythataSpaniard
1170 3932 1263 3982 should
1270 3934 1323 3981 win

407 3999 499 4052 'Diem
510 4003 599 4052 cluant
616 4003 773 4066 oxomam]
792 4003 834 4053 He
859 4004 1011 4065 Jerusalem,
1022 3998 1139 4064 ‘which’
1155 4016 1215 4063 says
1226 4002 1324 4063 Fuller,

371 4084 426 4119 was
438 4071 527 4120 burierl
539 4071 727 4134 inthe'l'emple
739 4072 833 4122 chnroh
859 4073 868 4100 ‘
876 4077 996 4122 accounts
1007 4073 1045 4121 ior
1055 4072 1098 4121 the
1114 4072 1169 4121 aeal
1186 4071 1216 4120 ol
1227 4070 1271 4119 the
1287 4071 1325 4119 le·

371 4137 398 4185 in
416 4139 535 4198 Lond0n;
554 4140 595 4188 his
613 4142 717 4203 epitaph
735 4143 758 4191 is
775 4141 834 4191 thns
860 4147 918 4204 gate
929 4143 955 4190 in
966 4142 1016 4191 this
1027 4138 1155 4191 cmsadess
1178 4140 1323 4200 H.Warre,

372 4207 447 4267 given
458 4209 492 4268 by
505 4208 594 4257 Paris:
859 4227 886 4272 p.
900 4214 955 4260 loo.
