2978 4996
473 457 614 507 ruonns
636 456 907 508 nisronmnuu.
1094 442 1159 510 ael

209 613 469 699 prostravisset,
481 635 607 698 equum
623 616 731 699 ipsius
748 615 831 698 agili
849 615 942 681 saltu
960 617 1293 682 conscenditur-12³³.

211 722 248 779 et
263 715 389 779 iterum
406 715 596 779 defensioni
611 715 760 780 vacavit.
812 715 912 778 Tunc
925 715 1160 796 Baldewinus,

209 812 309 877 miles
341 814 379 877 in
407 813 512 877 armis
542 821 715 890 strenuus,
751 814 892 895 indigne
925 814 1038 878 serens
1068 818 1160 898 quod

211 911 441 978 Marescallns
466 919 588 976 contra
616 919 668 976 tot
690 913 907 976 adversarios
930 932 1005 976 sese
1028 914 1160 979 tamdiu

210 1008 428 1089 defendebat,
454 1018 614 1094 potenter
638 1010 739 1075 irruit
763 1011 799 1074 in
825 1030 916 1089 eum,
947 1020 994 1089 et,
1020 1020 1160 1096 arrepta

209 1108 320 1193 ipsius
345 1111 448 1192 galea
464 1110 508 1174 de
533 1111 646 1192 capite
666 1110 754 1194 ejus,
780 1128 855 1173 eam
877 1110 926 1174 ita
949 1112 1160 1175 truculenter

212 1208 355 1286 avulsit,
384 1209 477 1292 quod
509 1210 653 1290 sanguis
683 1228 728 1272 ex
755 1227 814 1272 ore
844 1207 920 1290 ejus
954 1217 989 1273 et
1018 1211 1159 1273 naribus

212 1307 387 1373 emanavit
403 1329 413 1386 ;
440 1314 475 1371 et
491 1306 659 1389 arripiens
681 1327 742 1389 per
760 1306 905 1372 fraenum
925 1327 1051 1390 equum
1066 1309 1159 1372 illius

212 1407 321 1489 coepit
339 1425 508 1471 sessorem
524 1405 659 1470 trahere
677 1424 798 1470 versus
817 1406 1009 1483 castellum,
1034 1407 1112 1471 aliis
1138 1428 1160 1471 a

212 1513 311 1587 tergo
340 1506 438 1570 illum
471 1505 738 1587 impellentibus,
766 1514 807 1568 ut
834 1504 962 1569 ferrent
990 1506 1159 1569 auxilium

215 1603 428 1680 Baldewino,
451 1605 511 1686 qui
535 1603 779 1667 Marescallum
802 1622 864 1684 per
884 1604 1029 1668 fraenum
1045 1605 1160 1668 trabe-

212 1702 285 1768 bat.
329 1703 430 1766 Tunc
446 1702 515 1779 ille,
533 1709 698 1784 tanquam
714 1702 750 1765 in
767 1706 863 1763 arcto
879 1704 1025 1782 positus,
1043 1723 1159 1766 ensem

211 1802 248 1864 in
274 1820 399 1887 gyrum
425 1801 605 1877 vibrando,
628 1801 719 1863 ictus
743 1799 978 1879 importabiles
1003 1800 1160 1865 hostibus

211 1898 422 1982 imprimens,
438 1900 525 1963 duos
538 1919 584 1963 ex
601 1899 669 1962 illis
690 1899 728 1961 in
745 1904 870 1961 terram
894 1899 1059 1961 attonitos
1081 1919 1161 1980 pro-

212 1999 358 2077 stravit3
386 1999 446 2062 sed
464 2017 527 2062 nec
544 1999 594 2061 sic
609 2016 685 2061 sese
703 1997 747 2059 ab
764 2015 882 2059 eorum
898 1996 1055 2059 manibus
1075 1997 1160 2060 libe·

213 2098 318 2161 ravit.
369 2096 504 2162 Videns
526 2104 642 2160 autem
662 2095 859 2160 balistarius
885 2095 1026 2177 quidam
1051 2096 1293 2176 ipsinsunmei.

214 2194 415 2259 Marescalli
436 2195 612 2259 dominnm
632 2214 734 2258 suum
756 2193 792 2257 in
814 2194 967 2275 periculo
989 2195 1161 2258 constitu·

214 2301 300 2370 tum,
320 2293 362 2356 de
385 2294 513 2357 balista
534 2294 705 2375 spiculum
718 2293 843 2369 emisit,
865 2300 900 2356 et
916 2294 1111 2375 percutiens
1125 2295 1161 2357 in

212 2398 352 2475 pectore
375 2392 625 2470 Baldewinum,
645 2392 705 2474 qui
729 2391 974 2456 Marescallum
1000 2394 1160 2471 ducebat,

214 2491 321 2555 armis
342 2492 646 2556 nonobstantibus
671 2490 768 2553 illum
785 2490 985 2573 perforavit,
1007 2494 1067 2573 qui
1083 2512 1159 2557 cor·

214 2609 318 2654 ruens
335 2591 370 2653 in
385 2589 665 2655 terramcredidit
680 2609 717 2652 se
734 2588 908 2653 lethaliter
919 2590 1135 2655 vulneratum
1148 2610 1157 2670 ;

214 2696 253 2752 at
267 2688 404 2752 sodales
425 2689 628 2764 Baldewini,
645 2688 710 2751 hoc
733 2687 820 2763 viso,
841 2687 1083 2751 Marescallum
1105 2710 1159 2752 re-

212 2786 408 2870 linquentes
423 2788 598 2852 dominnm
614 2788 651 2851 in
667 2794 760 2850 terra
773 2786 948 2868 jacentem
962 2794 1159 2863 erexerunt,

213 2905 316 2968 quem
333 2886 433 2968 quasi
449 2895 621 2950 mortuum
637 2885 854 2967 reputabant.

311 3057 361 3120 De
373 3059 576 3144 rtraqosoeio
590 3080 611 3122 a
629 3056 818 3122 Moresoollo
832 3057 922 3142 opud
936 3064 1072 3121 rostram

573 3156 807 3220 Mourmatemo.

266 3279 325 3355 Et,
343 3280 422 3344 dum
440 3279 516 3344 haec
533 3288 720 3362 agerentur
734 3279 869 3354 ibidem,
891 3281 1087 3345 nuntiatum
1110 3287 1164 3343 est
1176 3307 1278 3347 naua

221 3380 389 3442 exercitui
406 3380 516 3462 ipsius
534 3379 747 3455 Marescalli,
765 3379 949 3462 quaefacta
966 3381 1103 3443 fuerant
1121 3379 1164 3443 de
1176 3357 1312 3397 ¹¹⁰⁰¹¹¹⁰¹¹ffl⁶

219 3476 291 3553 illo,
314 3485 351 3541 et
376 3481 551 3543 venientes
576 3498 654 3542 cum
681 3478 901 3542 festinatione
930 3479 965 3540 in
994 3478 1163 3542 auxilium

218 3575 294 3659 ejus
326 3576 444 3641 hostes
474 3577 682 3659 quantocius
707 3577 945 3658 compulerunt
969 3576 1003 3638 in
1032 3576 1163 3655 sugam.

217 3672 267 3737 At
283 3674 334 3737 illi
348 3674 521 3756 fugientes
544 3676 586 3739 ad
605 3675 746 3738 fluvium
769 3673 953 3756 quendam,
976 3674 1035 3754 qni
1056 3692 1164 3754 prope

217 3781 303 3849 erat,
331 3781 371 3837 ut
396 3774 593 3851 evaderent,
616 3775 820 3837 invenerunt
849 3778 989 3853 pontem
1008 3771 1164 3834 confrac-

218 3877 303 3949 tum,
320 3890 383 3954 per
405 3893 508 3956 quem
527 3874 674 3937 transire
698 3871 896 3953 sperabant,
919 3867 1009 3931 unde
1026 3870 1166 3951 plurimi

217 3967 253 4031 in
270 3969 399 4034 ilumen
416 3990 493 4035 sese
514 3972 691 4036 mittentes
708 3988 784 4033 cum
802 3969 900 4050 equis
918 3974 954 4030 et
969 3969 1073 4030 armis
1088 3967 1165 4030 sub-

218 4069 322 4132 mersi
349 4072 548 4153 perierunt;
581 4070 642 4134 alii
663 4076 792 4145 autem,
819 4086 889 4149 quo
911 4066 1071 4148 sugerent
1096 4086 1166 4130 non

219 4167 447 4248 invenientes,
467 4170 640 4235 interlecti
664 4175 757 4246 sunt,
785 4175 890 4251 atque
918 4166 977 4230 alii
996 4168 1062 4231 sub
1082 4185 1164 4250 cap-
