2978 4996
418 449 484 511 140
684 461 819 509 noorai
843 460 891 507 nn
913 459 1116 507 wanoovun

257 638 379 678 A·1>·¹²²⁷·
419 625 499 688 cilio
527 624 649 704 ingens
678 621 917 695 murmuratio,
939 626 975 683 et
1000 637 1119 681 omues
1136 616 1370 701 justiciarium

420 723 523 806 hujus
548 720 819 804 perturbationis
834 719 1041 803 judicabant
1057 724 1257 793 auctorem3
1291 733 1370 777 nam

419 823 581 904 deinceps
606 827 704 885 tanta
728 820 802 901 regi
818 817 1053 881 familiaritate
1072 816 1281 899 conjunctus
1304 820 1369 889 est,

421 928 460 986 ut
490 939 609 984 omnes
637 920 734 1000 regni
764 916 978 982 consiliarios
1008 923 1134 998 praeter
1165 915 1279 996 ipsum
1306 932 1368 994 pro

420 1019 527 1084 nihilo
559 1025 746 1100 reputaret.
798 1016 897 1080 Tunc
930 1035 1010 1078 vero
1045 1014 1283 1077 denuntiatum
1317 1019 1370 1074 est

420 1119 504 1184 viris
527 1117 697 1198 religiosis
722 1125 757 1179 et
776 1115 867 1192 aliis,
889 1114 948 1196 qui
965 1114 1038 1177 suis
1053 1113 1214 1176 volebant
1228 1111 1368 1173 liberta·

422 1220 514 1282 tibus
545 1216 708 1296 gaudere,
740 1224 779 1278 ut
804 1215 1015 1277 innovarent
1044 1212 1182 1275 chartas
1213 1229 1296 1274 suas
1327 1209 1370 1271 de

421 1336 512 1380 novo
545 1315 636 1396 regis
666 1314 794 1395 sigillo,
826 1313 975 1376 scientes
1011 1310 1103 1393 quod
1136 1329 1197 1372 rex
1230 1308 1370 1372 chartas

422 1415 582 1496 antiquas
608 1412 736 1476 nullius
763 1431 838 1475 esse
870 1411 1033 1474 momenti
1064 1409 1273 1491 reputabat;
1308 1426 1370 1488 pro

423 1533 568 1597 quarum
594 1512 830 1585 innovatione,
857 1529 926 1573 non
945 1510 1053 1592 juxta
1077 1508 1293 1589 singulorum
1321 1506 1369 1568 fa-

422 1614 587 1676 cultatem
615 1612 750 1674 taxatio
777 1609 872 1672 facta
895 1616 961 1684 est,
988 1608 1049 1671 sed
1076 1605 1239 1689 quiequid
1266 1604 1371 1688 justi·

422 1713 548 1775 clarius
566 1711 761 1774 aestimabat
773 1707 907 1772 solvere
924 1714 1006 1771 sunt
1021 1706 1143 1769 coacti.

456 1880 546 1955 Quod
559 1882 665 1945 nuntii
682 1881 762 1968 repis
775 1882 810 1945 in
827 1880 1003 1944 Franciom
1019 1880 1104 1943 rnisei
1118 1879 1257 1942 inaniter
1269 1887 1340 1942 sunt

834 2001 956 2044 revers.

260 2125 375 2164 marmot
474 2105 602 2168 Eodem
620 2122 723 2179 anno,
738 2102 900 2167 defuncto
923 2122 1015 2185 papa
1040 2102 1212 2178 Honorio,
1236 2100 1372 2182 Grego-

259 2173 405 2263 lidii...
425 2205 506 2279 rius,
518 2197 730 2265 ¹llostiensis
746 2201 1259 2283 episcopus,successitdecimo
1271 2203 1370 2282 quin·

261 2274 410 2313 “mm
426 2311 461 2366 to
478 2300 645 2363 kalendas
668 2300 812 2381 Aprilis.
866 2301 935 2364 Per
949 2301 1039 2364 idern
1057 2307 1204 2381 tempus,
1220 2301 1372 2364 instante

424 2399 642 2462 solemnitate
659 2397 833 2476 Paschali,
851 2400 1129 2482 archiepiscopus
1144 2398 1372 2462 Eboraceusis

423 2505 459 2562 et
474 2498 657 2580 episcopus
670 2497 920 2576 Karleolensis‚
935 2519 1012 2562 curn
1030 2498 1194 2580 Philippo
1207 2497 1250 2561 de
1267 2497 1372 2561 Albe·

424 2596 501 2661 neio
518 2597 638 2675 milite,
654 2598 765 2662 nuntii
785 2599 890 2679 regis,
908 2598 1037 2662 reversi
1055 2598 1188 2660 suntin
1208 2594 1372 2678 Angliam

423 2717 466 2759 ex
493 2698 647 2779 partibus
675 2697 926 2760 transmarinis.
980 2696 1082 2759 Missi
1111 2695 1247 2779 quidem
1274 2703 1374 2759 erant

423 2796 466 2859 ad
484 2805 664 2879 magnates
681 2796 817 2860 illarum
835 2797 1026 2877 regionum,
1050 2796 1110 2877 qui
1130 2795 1172 2858 de
1187 2795 1267 2878 jure
1283 2796 1372 2859 anti·

423 2915 491 2976 quo
507 2897 551 2960 ad
567 2917 683 2977 regem
704 2894 840 2977 Angliae
855 2906 1012 2977 spectare
1035 2895 1261 2973 tenebantur3
1297 2895 1372 2976 qui·

423 2995 487 3057 bus
509 2996 704 3076 impositum
727 2994 840 3058 suerat
861 3013 905 3058 ex
926 3003 1025 3074 parte
1050 2995 1155 3076 regis,
1178 3001 1217 3058 ut
1236 2992 1371 3056 blandis

423 3092 722 3155 exhortationibus
742 3113 819 3156 cum
842 3093 1126 3174 promissionibus
1152 3094 1288 3174 magnis
1313 3113 1372 3156 eos

424 3190 637 3266 inducerent,
660 3198 831 3272 quatenus
856 3192 984 3256 dictum
1009 3212 1123 3273 regern
1145 3192 1189 3254 ad
1212 3192 1292 3255 illos
1313 3212 1372 3255 ve·

425 3288 497 3350 nire
526 3289 719 3369 cupientem
745 3293 938 3373 reciperent
963 3299 998 3355 et
1021 3302 1310 3373 recognoscerent
1333 3298 1372 3354 ut

425 3386 600 3449 dominum
618 3389 823 3453 naturalem.
856 3390 937 3465 Sed,
950 3411 992 3453 nc
1007 3390 1065 3453 diu
1080 3397 1115 3454 et
1132 3390 1281 3453 inaniter
1297 3409 1373 3452 ver-

426 3486 469 3549 ha
479 3487 679 3569 protrahere
691 3489 880 3565 videamur,
895 3498 1078 3571 antequam
1096 3489 1208 3552 nuntii
1221 3490 1313 3569 regis
1330 3489 1374 3552 ad

424 3597 542 3666 partes
559 3587 637 3650 illas
661 3588 911 3670 pervenissent,
930 3588 1142 3652 Francorum
1166 3607 1242 3664 rex,
1265 3596 1377 3651 matre

424 3685 500 3768 ejus
532 3697 649 3768 partes
682 3706 764 3749 suas
795 3687 1048 3768 interponente,
1077 3707 1154 3750 cunr
1189 3688 1375 3751 baronibus

425 3785 494 3847 illis
511 3805 631 3867 pacem
649 3784 778 3849 fecerat
795 3793 962 3849 eteorum
985 3786 1146 3867 homagia
1163 3793 1376 3868 susceperat,

425 3884 634 3948 distribuens
662 3885 747 3966 ipsis
768 3884 950 3949 affluenter
972 3894 1082 3949 terras
1105 3893 1141 3948 et
1162 3885 1308 3948 castella
1332 3884 1375 3948 ad

420 3982 481 4065 jus
507 3983 599 4064 regis
633 3984 853 4064 pertinentia,
885 3984 1016 4048 iaciens
1044 3985 1110 4048 sihi
1140 3984 1183 4047 de
1212 4003 1378 4048 mammo-

462 4157 639 4220 ι1100110010]
668 4159 788 4220 Ugnlino,
800 4159 890 4221 hishop
902 4160 931 4207 01
939 4158 1024 4221 Ostia,
1035 4173 1089 4208 was
1100 4156 1238 4207 enthroued
1250 4158 1276 4205 in
1288 4158 1379 4208 March

426 4230 499 4289 1227,
509 4226 559 4275 and
569 4226 629 4275 died
641 4228 667 4275 in
678 4228 864 4289 Augustiana
