2978 4996
375 447 439 511 170
624 461 759 510 suenni
783 462 830 508 nn
854 461 1063 511 wnunovss

211 634 335 677 sumna
375 639 443 682 non
467 618 739 701 praemeditatos,
765 625 812 694 et,
835 617 928 682 facto
950 617 1031 682 hinc
1057 617 1138 682 inde
1164 618 1329 683 conflictu

375 719 592 799 gravissimo,
615 719 709 801 capti
737 725 818 782 snnt
840 737 885 782 ex
905 717 1049 781 Francis
1074 718 1201 783 milites
1226 719 1329 800 quin·

374 819 471 898 genti
488 825 523 881 et
540 816 640 881 multi
658 817 842 881 interfecti.
897 815 1001 899 Capti
1019 826 1102 882 sunt
1118 827 1234 882 autem
1251 837 1324 882 ser-

374 918 507 980 vientes
539 915 664 981 armati
690 917 733 980 ad
762 915 831 979 duo
859 915 969 979 millia
994 916 1215 993 bellatorum,
1238 937 1327 999 qnos

374 1035 492 1080 omnes
515 1015 558 1079 ad
585 1016 713 1080 nudam
738 1033 877 1078 carnem
901 1014 1083 1097 spoliatos,
1109 1015 1327 1097 quorundam

374 1134 492 1179 eorum
519 1115 599 1178 fecit
633 1134 748 1179 comes
775 1114 894 1177 oculos
920 1115 1005 1191 erni,
1035 1133 1136 1178 aures
1160 1122 1195 1179 et
1224 1135 1327 1179 nares

373 1214 527 1296 praecidi,
543 1232 667 1276 manus
684 1231 725 1276 ac
746 1212 851 1295 pedes
869 1212 1017 1277 aliorum
1035 1215 1201 1289 truncari,
1224 1215 1327 1278 etsie

374 1314 521 1396 turpiter
547 1313 725 1375 mutilatos
748 1311 790 1374 ad
812 1312 952 1393 propria
973 1313 1152 1376 remittens
1173 1312 1326 1377 deforme

372 1412 609 1494 spectaculum
618 1411 844 1493 Francigenis
853 1411 1074 1474 exstiterunt.
1097 1410 1229 1475 Milites
1241 1432 1325 1494 quo

373 1530 440 1593 que
456 1511 613 1592 captivos
636 1529 766 1585 omnes,
789 1508 942 1574 collectis
960 1511 1056 1591 prins
1073 1511 1244 1574 manubiis
1268 1530 1324 1575 eo·

373 1609 530 1685 rundem,
553 1627 666 1672 comes
690 1609 802 1673 victor
823 1610 888 1672 sub
916 1609 1057 1673 arctiori
1085 1609 1244 1673 custodia
1266 1611 1326 1673 de·

372 1709 521 1790 putavit.
572 1706 701 1772 Actum
728 1716 844 1772 antem
869 1715 924 1771 est
953 1707 1080 1771 bellurn
1103 1709 1169 1772 hoc
1191 1709 1325 1773 decimo

373 1808 495 1889 quinto
513 1807 676 1872 calendas
698 1807 721 1870 J
726 1808 797 1871 unii
818 1806 911 1889 apud
932 1814 1084 1872 castrum
1100 1808 1324 1872 Saracenum.

373 1907 429 1982 Et,
446 1915 485 1971 ut
502 1909 651 1972 breviter
666 1906 813 1983 dicatur,
829 1913 884 1970 ter
900 1906 936 1969 in
954 1906 1015 1970 illa
1034 1914 1158 1971 aestate
1180 1907 1323 1990 expedi·

372 2007 522 2070 tionibus
538 2006 706 2089 repetitis,
726 2000 870 2070 ¹Franci
888 2006 998 2087 fugati
1011 2006 1066 2070 vel
1079 2007 1172 2090 capti
1189 2014 1271 2070 sunt
1288 2015 1325 2070 et

372 2106 575 2170 incarcerati
592 2126 614 2170 a
630 2106 755 2169 comite
772 2105 987 2188 saepedicto.

431 2279 481 2341 De
495 2275 578 2340 obitu
595 2276 761 2361 Stqihuni,
778 2276 1014 2340 cantuariens
1029 2274 1262 2361 orchisphcmii.

210 2422 360 2461 narsum
423 2401 552 2465 Eodem
581 2420 673 2464 anno
693 2401 900 2484 Stephanus,
927 2402 1188 2466 Cantuariensis
1211 2403 1323 2466 archi-

209 2472 363 2571 ffltii'i'ir’if's
373 2500 568 2581 episcopus,
582 2500 674 2583 apud
691 2501 891 2565 Slindonam
913 2501 1104 2565 manerium
1126 2520 1227 2565 suum
1242 2522 1322 2585 sep·

374 2600 458 2662 timo
477 2598 554 2662 idus
572 2600 595 2663 J
600 2600 660 2663 ulii
682 2601 772 2663 diem
795 2601 921 2664 clausit
942 2609 1148 2676 extremum,
1170 2610 1206 2665 et
1229 2600 1322 2665 Can·

374 2699 496 2762 tuariae
511 2699 668 2781 sepultus
685 2707 739 2763 est
756 2698 866 2781 pridie
888 2719 998 2763 nonas
1021 2700 1186 2782 ejusdem.
1241 2699 1322 2778 Quo

372 2799 521 2879 sepulto,
536 2798 696 2862 monachi
710 2798 990 2874 Cantuarienses,
1007 2799 1193 2879 impetrata
1207 2817 1230 2862 a
1240 2818 1321 2880 rege

372 2895 524 2974 licentia,
539 2899 716 2979 elegerunt
734 2897 939 2961 monachum
958 2898 1001 2961 de
1020 2899 1151 2978 gremio
1167 2897 1322 2961 ecclesiae

372 3015 457 3073 suae,
471 2999 676 3078 magistrum
691 2996 886 3060 Walterum
908 2995 951 3059 de
970 2995 1197 3072 Heinesham,
1219 2998 1322 3061 tertio

372 3114 483 3158 nonas
503 3094 677 3176 Augusti3
700 3115 802 3176 quem
829 3114 907 3159 cum
933 3095 1092 3159 monachi
1116 3103 1323 3178 praesentas-

372 3202 450 3257 sent
491 3195 576 3274 regi‚
614 3196 688 3276 ipse
721 3202 801 3277 post
835 3193 1004 3258 diutinam
1041 3195 1322 3258 deliberationem

372 3292 517 3355 eundem
542 3293 688 3356 electum
720 3294 823 3357 certis
851 3294 1103 3377 objectionibus
1135 3295 1320 3358 recusavit.

374 3390 491 3455 Primo
508 3391 644 3473 quidem
660 3392 745 3474 ipsis
757 3392 884 3475 objecit
901 3393 1090 3469 monachis,
1105 3392 1197 3476 quod
1216 3393 1321 3457 talem

372 3491 550 3571 elegerunt
561 3493 621 3573 qui
638 3491 702 3555 sibi
719 3491 851 3554 inutilis
868 3498 944 3554 erat
958 3499 994 3555 et
1010 3511 1139 3573 regno;
1157 3492 1321 3568 secundo,

372 3589 464 3671 quod
488 3598 587 3673 pater
609 3590 764 3673 ejusdem
786 3590 829 3653 de
853 3591 945 3655 furto
965 3591 1143 3654 convictus
1165 3591 1322 3672 patibulo

409 3786 414 3817 ¹
424 3790 515 3839 Franci
524 3790 612 3853 fugati
628 3791 666 3838 cel
676 3789 830 3853 cupiisset]
858 3790 899 3838 the
907 3789 978 3851 king,
990 3790 1032 3838 the
1040 3794 1117 3838 count
1127 3789 1177 3839 lost
1187 3790 1274 3852 nearly
1287 3789 1320 3840 ull

370 3860 423 3908 The
435 3874 566 3909 successes
574 3859 603 3907 oi
611 3860 752 3921 Raymond,
763 3859 831 3908 how·
858 3859 897 3907 bis
905 3859 1106 3919 territories,and
1114 3859 1322 3921 remainedapri-

370 3944 437 3990 ever,
453 3945 549 3992 appear
559 3936 585 3978 to
596 3931 660 3978 have
675 3931 737 3978 been
750 3930 796 3977 but
806 3928 836 3976 of
857 3944 930 3978 soner
951 3931 977 3977 in
993 3928 1034 3977 the
1054 3929 1154 3977 Lourre
1171 3930 1265 3992 during
1281 3930 1321 3978 six

369 3999 439 4047 short
455 4001 583 4048 dnmtion.
618 3999 661 4047 0n
676 3999 718 4047 the
735 3998 794 4047 12th
805 3998 835 4047 of
856 3998 1072 4058 weelrs,nntilthe
1080 3998 1149 4047 three
1158 4000 1320 4060 preliminsry

368 4067 443 4127 April
464 4070 490 4116 in
513 4069 556 4117 the
579 4069 709 4130 following
730 4083 793 4130 year
814 4083 830 4117 s
855 4070 957 4117 articles
976 4067 1065 4117 ottho
1086 4074 1169 4130 tresty
1189 4069 1240 4118 hed
1256 4070 1318 4118 been

368 4151 508 4195 peacewas
519 4139 659 4186 concluded
670 4138 733 4186 with
742 4139 829 4199 Iouis,
856 4139 989 4188 executed.

367 4205 400 4265 by
412 4206 505 4270 which,
517 4208 630 4256 between
641 4208 683 4257 the
699 4222 764 4269 pope
777 4209 828 4257 und
