2978 4996
385 460 522 508 aconas
547 460 816 511 rusroaraauu.
1028 452 1071 514 21
1141 486 1144 491 -

120 619 233 682 silium
252 624 407 682 nostrum
425 627 490 695 est,
509 627 546 684 ut
563 640 727 684 exeamus
741 622 878 685 obviam
895 624 945 686 eis
962 642 1072 704 usqne
1085 636 1140 676 Ab·
1152 637 1208 676 ¹²¹⁷·

121 719 165 782 ad
187 737 366 781 ascensum
394 721 534 797 montis,
557 722 651 801 quia,
674 722 704 784 si
724 723 775 785 ita
799 723 991 798 fecerimus
1014 740 1071 785 ca·

121 819 254 900 piemus
276 837 395 881 omnes
418 819 496 882 illos
519 827 558 882 ut
576 820 744 884 alaudas!
796 820 931 899 Quibus
957 841 1072 884 comes

122 917 333 980 Perticensis
364 924 399 980 et
427 918 679 982 Marescballus
705 920 951 1002 respondentes
975 920 1073 983 dixe-

121 1024 214 1090 runt,
233 1016 330 1080 ‘Vos
354 1018 553 1081 aestimastis
575 1018 653 1081 illos
672 1020 779 1101 juxta
800 1021 977 1082 scientiam
992 1036 1069 1082 ves·

122 1129 230 1194 tram3
260 1124 296 1179 et
313 1135 376 1179 nos
395 1117 565 1180 exibimus
589 1117 702 1194 modo,
726 1125 765 1180 ut
782 1119 990 1182 aestimemus
1011 1136 1071 1181 eos

117 1214 225 1298 juxta
264 1215 544 1279 consuetudinem
585 1214 825 1280 Gallicanam’
899 1217 1072 1280 Exierunt

122 1333 206 1394 ergo
232 1321 271 1376 ut
294 1315 504 1378 aestimarent
527 1317 716 1378 exercitum
748 1317 838 1397 regis
864 1316 1070 1393 venientem,

121 1412 238 1476 sedin
264 1413 493 1477 aestimatione
519 1414 653 1496 decepti
678 1414 841 1492 suerunt3
875 1433 965 1491 nam,
992 1433 1070 1477 cum

122 1513 232 1595 primo
255 1511 424 1575 vidissent
449 1531 471 1575 a
495 1520 595 1594 tergo
619 1515 794 1578 exercitus
818 1514 918 1594 bigas
941 1521 977 1576 et
997 1533 1071 1577 sar-

123 1612 219 1675 cinas
239 1629 316 1674 cum
339 1612 540 1675 custodibus
564 1631 694 1688 earum,
712 1614 771 1694 qui
788 1631 916 1676 cuneos
933 1612 1008 1696 jam
1026 1613 1070 1676 ad

123 1710 251 1773 bellum
293 1710 480 1793 dispositos
521 1712 765 1794 sequebantur,
812 1713 1072 1776 aestimaverunt

123 1829 229 1872 unum
257 1828 332 1872 esse
360 1829 421 1892 per
447 1830 484 1874 se
509 1811 712 1886 exercitum,
738 1812 820 1892 quia
845 1811 892 1872 ibi
914 1811 1070 1875 multitu·

124 1908 239 1972 dinem
265 1909 409 1972 multam
434 1928 513 1972 cum
536 1908 673 1974 vexillis
698 1908 906 1972 micantibus
932 1910 1073 1991 inspex-

124 2016 249 2086 erunt;
280 2006 475 2072 habuerunt
501 2007 590 2071 enim
620 2007 748 2089 singuli
776 2014 978 2088 magnatum
1003 2009 1072 2072 duo

126 2106 267 2182 vexilla,
294 2126 412 2183 unum,
434 2114 474 2169 ut
494 2106 569 2190 jam
596 2107 759 2184 diximus,
785 2126 862 2170 cum
887 2105 1032 2170 sarcinis
1051 2125 1073 2170 a

124 2213 224 2286 tergo
247 2206 411 2270 remotius
431 2225 558 2269 cuneos
580 2224 740 2287 sequens,
763 2215 798 2270 et
815 2205 909 2268 aliud
927 2224 1074 2289 corpora

125 2304 340 2385 singulorum
362 2305 572 2386 praecedens,
594 2324 656 2387 per
673 2305 764 2386 quod
783 2313 1074 2386 cognoscerentur

126 2403 247 2485 praelia
279 2411 522 2482 conserentes3
564 2404 683 2485 sicque
716 2424 830 2468 comes
864 2404 1074 2469 Porticensis

126 2521 205 2565 cum
232 2502 464 2566 Mareschallo
486 2503 606 2566 illusus
635 2503 679 2566 ad
702 2504 815 2568 socios
837 2505 1002 2568 remeavit
1020 2505 1074 2566 in·

126 2606 253 2665 certus.
300 2602 480 2665 Dederunt
498 2621 582 2683 ergo
607 2603 788 2666 consilium
815 2602 873 2666 isti
896 2603 1073 2666 sodalibus

126 2700 256 2762 reversi
272 2700 307 2763 in
322 2700 511 2776 civitatem,
529 2719 674 2782 quorum
695 2701 877 2765 consilium
898 2703 1074 2782 praeterire

126 2798 223 2863 nefas
253 2807 339 2875 erat,
364 2808 404 2863 ut
425 2799 545 2863 divisis
572 2800 796 2881 optimatibus
819 2798 1075 2862 custodirentur

126 2905 237 2980 portae
272 2898 425 2962 civitatis
458 2900 502 2962 ab
538 2898 587 2961 eis
622 2898 808 2980 hostesque
839 2898 883 2960 ab
916 2898 1074 2978 ingressu

125 2998 202 3081 ejus
226 3005 424 3062 arcerentur
443 2998 552 3061 donec
573 2998 746 3080 cepissent
765 2996 958 3074 castellum,
974 2995 1075 3080 cujus

122 3096 197 3179 jam
224 3096 340 3179 captio
366 3096 575 3161 imminebat.
635 3096 773 3161 Placuit
796 3096 914 3160 multis
938 3096 1076 3159 consili·

126 3215 198 3272 um,
213 3203 439 3259 veruntamen
456 3196 612 3277 pluribus
630 3196 846 3279 displicebat.
899 3195 1077 3259 Obseratis

127 3294 246 3377 itaque
269 3294 379 3376 portis
399 3301 434 3358 et
450 3295 649 3358 custodibus
670 3296 846 3372 adhibitis,
861 3314 981 3358 omnes
1001 3313 1077 3358 sese

127 3393 172 3457 ad
188 3392 422 3457 defensionem
444 3395 625 3476 parabant.

150 3571 198 3633 Da
205 3566 319 3658 prelio
334 3571 424 3656 apud
438 3570 637 3635 Liaaobticm
654 3571 818 3648 amomum,
832 3569 915 3656 quod
928 3571 1058 3654 quidam

402 3674 412 3704 ‘
428 3670 619 3734 Nundinns'
634 3670 803 3755 appellant.

181 3791 322 3857 Interea
349 3793 525 3857 exercitus
555 3793 647 3874 regis
672 3812 693 3856 a
717 3801 816 3874 parte
842 3789 976 3855 castelli
1001 3788 1078 3851 urbi
1090 3798 1194 3889 {3qu

128 3893 426 3976 appropinquans,
448 3912 526 3956 cum
547 3911 569 3955 a
589 3891 789 3957 castellanis
811 3889 972 3971 cognitus
993 3887 1078 3950 fuis·

129 3998 195 4068 set,
219 3991 388 4055 miserunt
409 3992 498 4054 clam
522 3993 679 4055 nuntium
702 4009 764 4072 per
786 3989 969 4071 posticum,
987 3987 1079 4069 quod

128 4098 205 4154 erat
227 4110 249 4154 a
274 4098 373 4172 tergo
396 4090 542 4167 castelli,
566 4091 609 4154 ad
637 4089 786 4172 majores
812 4088 998 4164 exercitus,
1021 4087 1081 4169 qui

129 4190 179 4252 eis
200 4189 316 4253 omnia
334 4209 411 4271 quae
432 4189 562 4253 fiebant
577 4189 721 4253 interius
744 4188 927 4252 nuntiavit.
982 4187 1083 4250 Dixit
