<?xml version="1.0" encoding="UTF-8"?>
<!DOCTYPE html PUBLIC "-//W3C//DTD XHTML 1.0 Transitional//EN"
    "http://www.w3.org/TR/xhtml1/DTD/xhtml1-transitional.dtd">
<html xmlns="http://www.w3.org/1999/xhtml" xml:lang="en" lang="en">
 <head>
  <title>
</title>
<meta http-equiv="Content-Type" content="text/html;charset=utf-8" />
  <meta name='ocr-system' content='tesseract 3.04.00' />
  <meta name='ocr-capabilities' content='ocr_page ocr_carea ocr_par ocr_line ocrx_word'/>
</head>
<body>
  <div class='ocr_page' id='page_1' title='image "./rogeridewendove02rogegoog_0183.png"; bbox 0 0 2978 4996; ppageno 0'>
   <div class='ocr_carea' id='block_1_1' title="bbox 208 835 359 975">
    <p class='ocr_par' dir='ltr' id='par_1_1' title="bbox 208 835 359 975">
     <span class='ocr_line' id='line_1_1' title="bbox 210 835 333 874; baseline -0.016 0"><span class='ocrx_word' id='word_1_1' title='bbox 210 835 266 874; x_wconf 72' lang='lat' dir='ltr'>Ad).</span> <span class='ocrx_word' id='word_1_2' title='bbox 276 835 333 874; x_wconf 75' lang='lat'>12²8.</span> 
     </span>
     <span class='ocr_line' id='line_1_2' title="bbox 208 885 359 924; baseline -0.007 0"><span class='ocrx_word' id='word_1_3' title='bbox 208 885 359 924; x_wconf 72' lang='lat' dir='ltr'>Dbtmbence·</span> 
     </span>
     <span class='ocr_line' id='line_1_3' title="bbox 209 933 315 975; baseline -0.009 -1"><span class='ocrx_word' id='word_1_4' title='bbox 209 935 232 974; x_wconf 72' lang='lat' dir='ltr'>in</span> <span class='ocrx_word' id='word_1_5' title='bbox 240 933 315 975; x_wconf 54' lang='lat' dir='ltr'>ww!</span> 
     </span>
    </p>
   </div>
   <div class='ocr_carea' id='block_1_2' title="bbox 371 440 1062 507">
    <p class='ocr_par' dir='ltr' id='par_1_2' title="bbox 371 440 1062 507">
     <span class='ocr_line' id='line_1_4' title="bbox 371 440 1062 507; baseline -0.01 0"><span class='ocrx_word' id='word_1_6' title='bbox 371 440 436 507; x_wconf 77' lang='lat'>172</span> <span class='ocrx_word' id='word_1_7' title='bbox 624 454 759 503; x_wconf 78' lang='lat' dir='ltr'>socam</span> <span class='ocrx_word' id='word_1_8' title='bbox 783 454 830 501; x_wconf 87' lang='lat' dir='ltr'>on</span> <span class='ocrx_word' id='word_1_9' title='bbox 855 452 1062 502; x_wconf 82' lang='lat' dir='ltr'>wnunovna</span> 
     </span>
    </p>
   </div>
   <div class='ocr_carea' id='block_1_3' title="bbox 535 680 1148 768">
    <p class='ocr_par' dir='ltr' id='par_1_3' title="bbox 535 680 1148 768">
     <span class='ocr_line' id='line_1_5' title="bbox 535 680 1148 768; baseline -0.005 -20"><span class='ocrx_word' id='word_1_10' title='bbox 535 685 584 748; x_wconf 84' lang='lat' dir='ltr'>De</span> <span class='ocrx_word' id='word_1_11' title='bbox 599 683 872 768; x_wconf 77' lang='lat' dir='ltr'>irreptiomfueta</span> <span class='ocrx_word' id='word_1_12' title='bbox 888 703 910 746; x_wconf 84' lang='lat' dir='ltr'>o</span> <span class='ocrx_word' id='word_1_13' title='bbox 933 680 1148 747; x_wconf 77' lang='lat' dir='ltr'>Wallensibas.</span> 
     </span>
    </p>
   </div>
   <div class='ocr_carea' id='block_1_4' title="bbox 369 801 1324 3860">
    <p class='ocr_par' dir='ltr' id='par_1_4' title="bbox 369 801 1324 3860">
     <span class='ocr_line' id='line_1_6' title="bbox 422 801 1323 889; baseline -0.003 -18"><span class='ocrx_word' id='word_1_14' title='bbox 422 801 569 871; x_wconf 88' lang='lat' dir='ltr'>Eodem¹</span> <span class='ocrx_word' id='word_1_15' title='bbox 599 815 765 889; x_wconf 87' lang='lat' dir='ltr'>tempore,</span> <span class='ocrx_word' id='word_1_16' title='bbox 793 826 909 870; x_wconf 87' lang='lat' dir='ltr'>meuse</span> <span class='ocrx_word' id='word_1_17' title='bbox 933 804 1105 887; x_wconf 87' lang='lat' dir='ltr'>Augusto,</span> <span class='ocrx_word' id='word_1_18' title='bbox 1130 804 1258 869; x_wconf 83' lang='lat' dir='ltr'><strong>milites</strong></span> <span class='ocrx_word' id='word_1_19' title='bbox 1288 812 1323 868; x_wconf 89' lang='lat' dir='ltr'>et</span> 
     </span>
     <span class='ocr_line' id='line_1_7' title="bbox 371 904 1321 987; baseline -0.003 -17"><span class='ocrx_word' id='word_1_20' title='bbox 371 908 560 972; x_wconf 76' lang='lat' dir='ltr'>servientes</span> <span class='ocrx_word' id='word_1_21' title='bbox 583 905 626 970; x_wconf 87' lang='lat' dir='ltr'>de</span> <span class='ocrx_word' id='word_1_22' title='bbox 654 906 798 970; x_wconf 89' lang='lat' dir='ltr'>castello</span> <span class='ocrx_word' id='word_1_23' title='bbox 824 904 1145 982; x_wconf 86' lang='lat' dir='ltr'>Montis-Gomerii,</span> <span class='ocrx_word' id='word_1_24' title='bbox 1169 904 1264 987; x_wconf 93' lang='lat' dir='ltr'>quod</span> <span class='ocrx_word' id='word_1_25' title='bbox 1286 905 1321 967; x_wconf 91' lang='lat' dir='ltr'>in</span> 
     </span>
     <span class='ocr_line' id='line_1_8' title="bbox 370 1003 1321 1086; baseline -0.003 -16"><span class='ocrx_word' id='word_1_26' title='bbox 370 1007 520 1070; x_wconf 90' lang='lat' dir='ltr'>confinio</span> <span class='ocrx_word' id='word_1_27' title='bbox 536 1004 676 1071; x_wconf 84' lang='lat' dir='ltr'>Walliae</span> <span class='ocrx_word' id='word_1_28' title='bbox 698 1006 803 1069; x_wconf 90' lang='lat' dir='ltr'>situm</span> <span class='ocrx_word' id='word_1_29' title='bbox 825 1013 891 1082; x_wconf 88' lang='lat' dir='ltr'>est,</span> <span class='ocrx_word' id='word_1_30' title='bbox 913 1004 1073 1068; x_wconf 81' lang='lat' dir='ltr'>exierunt</span> <span class='ocrx_word' id='word_1_31' title='bbox 1092 1023 1170 1068; x_wconf 90' lang='lat' dir='ltr'>cum</span> <span class='ocrx_word' id='word_1_32' title='bbox 1193 1003 1321 1086; x_wconf 92' lang='lat' dir='ltr'>populo</span> 
     </span>
     <span class='ocr_line' id='line_1_9' title="bbox 371 1102 1322 1188; baseline -0.002 -20"><span class='ocrx_word' id='word_1_33' title='bbox 371 1107 536 1188; x_wconf 83' lang='lat' dir='ltr'>regionis,</span> <span class='ocrx_word' id='word_1_34' title='bbox 561 1113 601 1169; x_wconf 92' lang='lat' dir='ltr'>ut</span> <span class='ocrx_word' id='word_1_35' title='bbox 630 1104 814 1168; x_wconf 83' lang='lat' dir='ltr'>transitum</span> <span class='ocrx_word' id='word_1_36' title='bbox 838 1102 1018 1188; x_wconf 88' lang='lat' dir='ltr'>cujusdam</span> <span class='ocrx_word' id='word_1_37' title='bbox 1035 1103 1103 1167; x_wconf 87' lang='lat' dir='ltr'>viae</span> <span class='ocrx_word' id='word_1_38' title='bbox 1126 1122 1197 1166; x_wconf 89' lang='lat' dir='ltr'>non</span> <span class='ocrx_word' id='word_1_39' title='bbox 1218 1102 1322 1184; x_wconf 86' lang='lat' dir='ltr'>longe</span> 
     </span>
     <span class='ocr_line' id='line_1_10' title="bbox 372 1201 1322 1287; baseline -0.004 -19"><span class='ocrx_word' id='word_1_40' title='bbox 372 1225 394 1268; x_wconf 90' lang='lat' dir='ltr'>a</span> <span class='ocrx_word' id='word_1_41' title='bbox 415 1204 559 1269; x_wconf 89' lang='lat' dir='ltr'>castello</span> <span class='ocrx_word' id='word_1_42' title='bbox 586 1204 749 1287; x_wconf 90' lang='lat' dir='ltr'>positum,</span> <span class='ocrx_word' id='word_1_43' title='bbox 775 1210 918 1285; x_wconf 87' lang='lat' dir='ltr'>propter</span> <span class='ocrx_word' id='word_1_44' title='bbox 941 1202 1094 1266; x_wconf 88' lang='lat' dir='ltr'>latrones</span> <span class='ocrx_word' id='word_1_45' title='bbox 1110 1201 1322 1278; x_wconf 88' lang='lat' dir='ltr'>Wallenses,</span> 
     </span>
     <span class='ocr_line' id='line_1_11' title="bbox 372 1300 1323 1386; baseline -0.003 -19"><span class='ocrx_word' id='word_1_46' title='bbox 372 1305 433 1386; x_wconf 94' lang='lat' dir='ltr'>qui</span> <span class='ocrx_word' id='word_1_47' title='bbox 461 1305 497 1366; x_wconf 92' lang='lat' dir='ltr'>in</span> <span class='ocrx_word' id='word_1_48' title='bbox 518 1302 579 1366; x_wconf 91' lang='lat' dir='ltr'>illo</span> <span class='ocrx_word' id='word_1_49' title='bbox 606 1303 682 1366; x_wconf 89' lang='lat' dir='ltr'>loco</span> <span class='ocrx_word' id='word_1_50' title='bbox 706 1303 858 1366; x_wconf 88' lang='lat' dir='ltr'>viatores</span> <span class='ocrx_word' id='word_1_51' title='bbox 886 1308 1103 1384; x_wconf 86' lang='lat' dir='ltr'>peremerunt</span> <span class='ocrx_word' id='word_1_52' title='bbox 1127 1300 1265 1364; x_wconf 84' lang='lat' dir='ltr'>assidue</span> <span class='ocrx_word' id='word_1_53' title='bbox 1287 1308 1323 1364; x_wconf 91' lang='lat' dir='ltr'>et</span> 
     </span>
     <span class='ocr_line' id='line_1_12' title="bbox 374 1400 1322 1483; baseline -0.004 -17"><span class='ocrx_word' id='word_1_54' title='bbox 374 1410 592 1467; x_wconf 86' lang='lat' dir='ltr'>transeuntes</span> <span class='ocrx_word' id='word_1_55' title='bbox 617 1400 865 1483; x_wconf 88' lang='lat' dir='ltr'>spoliaverunt,</span> <span class='ocrx_word' id='word_1_56' title='bbox 896 1401 1001 1464; x_wconf 89' lang='lat' dir='ltr'>latius</span> <span class='ocrx_word' id='word_1_57' title='bbox 1031 1400 1185 1464; x_wconf 82' lang='lat' dir='ltr'>facerent</span> <span class='ocrx_word' id='word_1_58' title='bbox 1210 1407 1247 1464; x_wconf 87' lang='lat' dir='ltr'>et</span> <span class='ocrx_word' id='word_1_59' title='bbox 1270 1419 1322 1463; x_wconf 90' lang='lat' dir='ltr'>se-</span> 
     </span>
     <span class='ocr_line' id='line_1_13' title="bbox 373 1498 1321 1582; baseline -0.002 -18"><span class='ocrx_word' id='word_1_60' title='bbox 373 1521 504 1565; x_wconf 89' lang='lat' dir='ltr'>curum.</span> <span class='ocrx_word' id='word_1_61' title='bbox 573 1499 763 1564; x_wconf 86' lang='lat' dir='ltr'>Venientes</span> <span class='ocrx_word' id='word_1_62' title='bbox 802 1499 972 1582; x_wconf 87' lang='lat' dir='ltr'>siquidem</span> <span class='ocrx_word' id='word_1_63' title='bbox 1005 1498 1049 1561; x_wconf 91' lang='lat' dir='ltr'>ad</span> <span class='ocrx_word' id='word_1_64' title='bbox 1089 1499 1203 1562; x_wconf 90' lang='lat' dir='ltr'>locum</span> <span class='ocrx_word' id='word_1_65' title='bbox 1243 1518 1321 1562; x_wconf 94' lang='lat' dir='ltr'>cum</span> 
     </span>
     <span class='ocr_line' id='line_1_14' title="bbox 375 1598 1323 1681; baseline -0.001 -18"><span class='ocrx_word' id='word_1_66' title='bbox 375 1600 512 1681; x_wconf 84' lang='lat' dir='ltr'>gladiis,</span> <span class='ocrx_word' id='word_1_67' title='bbox 536 1599 726 1675; x_wconf 88' lang='lat' dir='ltr'>securibus,</span> <span class='ocrx_word' id='word_1_68' title='bbox 760 1598 909 1662; x_wconf 84' lang='lat' dir='ltr'>fustibus</span> <span class='ocrx_word' id='word_1_69' title='bbox 942 1606 977 1661; x_wconf 93' lang='lat' dir='ltr'>et</span> <span class='ocrx_word' id='word_1_70' title='bbox 1001 1598 1118 1675; x_wconf 89' lang='lat' dir='ltr'>armis,</span> <span class='ocrx_word' id='word_1_71' title='bbox 1140 1605 1323 1680; x_wconf 87' lang='lat' dir='ltr'>coeperunt</span> 
     </span>
     <span class='ocr_line' id='line_1_15' title="bbox 375 1696 1321 1780; baseline -0.002 -18"><span class='ocrx_word' id='word_1_72' title='bbox 375 1699 516 1762; x_wconf 88' lang='lat' dir='ltr'>arbores</span> <span class='ocrx_word' id='word_1_73' title='bbox 542 1705 578 1762; x_wconf 89' lang='lat' dir='ltr'>et</span> <span class='ocrx_word' id='word_1_74' title='bbox 600 1697 708 1780; x_wconf 87' lang='lat' dir='ltr'>ligna,</span> <span class='ocrx_word' id='word_1_75' title='bbox 728 1696 885 1780; x_wconf 90' lang='lat' dir='ltr'>veprium</span> <span class='ocrx_word' id='word_1_76' title='bbox 909 1696 1097 1761; x_wconf 85' lang='lat' dir='ltr'>densitates</span> <span class='ocrx_word' id='word_1_77' title='bbox 1122 1705 1158 1761; x_wconf 91' lang='lat' dir='ltr'>et</span> <span class='ocrx_word' id='word_1_78' title='bbox 1180 1698 1321 1774; x_wconf 86' lang='lat' dir='ltr'>fruteta,</span> 
     </span>
     <span class='ocr_line' id='line_1_16' title="bbox 375 1796 1321 1878; baseline -0.001 -17"><span class='ocrx_word' id='word_1_79' title='bbox 375 1798 586 1874; x_wconf 88' lang='lat' dir='ltr'>succindere,</span> <span class='ocrx_word' id='word_1_80' title='bbox 605 1805 645 1861; x_wconf 93' lang='lat' dir='ltr'>ut</span> <span class='ocrx_word' id='word_1_81' title='bbox 661 1797 753 1861; x_wconf 89' lang='lat' dir='ltr'>viam</span> <span class='ocrx_word' id='word_1_82' title='bbox 773 1796 955 1860; x_wconf 89' lang='lat' dir='ltr'>redderent</span> <span class='ocrx_word' id='word_1_83' title='bbox 973 1796 1165 1859; x_wconf 84' lang='lat' dir='ltr'>viatoribus</span> <span class='ocrx_word' id='word_1_84' title='bbox 1189 1797 1321 1878; x_wconf 87' lang='lat' dir='ltr'>spatio·</span> 
     </span>
     <span class='ocr_line' id='line_1_17' title="bbox 374 1894 1323 1978; baseline 0 -19"><span class='ocrx_word' id='word_1_85' title='bbox 374 1916 461 1961; x_wconf 89' lang='lat' dir='ltr'>sam.</span> <span class='ocrx_word' id='word_1_86' title='bbox 514 1896 616 1974; x_wconf 88' lang='lat' dir='ltr'>Quod</span> <span class='ocrx_word' id='word_1_87' title='bbox 633 1916 710 1961; x_wconf 93' lang='lat' dir='ltr'>cum</span> <span class='ocrx_word' id='word_1_88' title='bbox 727 1915 749 1960; x_wconf 91' lang='lat' dir='ltr'>a</span> <span class='ocrx_word' id='word_1_89' title='bbox 763 1894 998 1960; x_wconf 89' lang='lat' dir='ltr'>Wallensibus</span> <span class='ocrx_word' id='word_1_90' title='bbox 1020 1903 1233 1978; x_wconf 87' lang='lat' dir='ltr'>compertum</span> <span class='ocrx_word' id='word_1_91' title='bbox 1250 1896 1323 1959; x_wconf 78' lang='lat' dir='ltr'>fue·</span> 
     </span>
     <span class='ocr_line' id='line_1_18' title="bbox 375 1993 1322 2079; baseline 0.001 -21"><span class='ocrx_word' id='word_1_92' title='bbox 375 2005 442 2074; x_wconf 89' lang='lat' dir='ltr'>rat,</span> <span class='ocrx_word' id='word_1_93' title='bbox 465 2004 740 2079; x_wconf 86' lang='lat' dir='ltr'>supervenerunt</span> <span class='ocrx_word' id='word_1_94' title='bbox 762 1994 1014 2058; x_wconf 80' lang='lat' dir='ltr'>infortitudine</span> <span class='ocrx_word' id='word_1_95' title='bbox 1036 1995 1134 2076; x_wconf 86' lang='lat' dir='ltr'>gravi</span> <span class='ocrx_word' id='word_1_96' title='bbox 1157 2002 1192 2058; x_wconf 92' lang='lat' dir='ltr'>et</span> <span class='ocrx_word' id='word_1_97' title='bbox 1203 1993 1322 2059; x_wconf 88' lang='lat' dir='ltr'>hostes</span> 
     </span>
     <span class='ocr_line' id='line_1_19' title="bbox 376 2093 1323 2176; baseline -0.002 -17"><span class='ocrx_word' id='word_1_98' title='bbox 376 2097 502 2160; x_wconf 89' lang='lat' dir='ltr'>acriter</span> <span class='ocrx_word' id='word_1_99' title='bbox 518 2095 720 2160; x_wconf 83' lang='lat' dir='ltr'>invadentes</span> <span class='ocrx_word' id='word_1_100' title='bbox 737 2094 976 2176; x_wconf 87' lang='lat' dir='ltr'>compulerunt</span> <span class='ocrx_word' id='word_1_101' title='bbox 990 2113 1050 2157; x_wconf 89' lang='lat' dir='ltr'>cos</span> <span class='ocrx_word' id='word_1_102' title='bbox 1073 2093 1253 2157; x_wconf 84' lang='lat' dir='ltr'>castellum</span> <span class='ocrx_word' id='word_1_103' title='bbox 1271 2095 1323 2157; x_wconf 90' lang='lat' dir='ltr'>in-</span> 
     </span>
     <span class='ocr_line' id='line_1_20' title="bbox 376 2193 1321 2276; baseline -0.001 -19"><span class='ocrx_word' id='word_1_104' title='bbox 376 2195 485 2276; x_wconf 84' lang='lat' dir='ltr'>gredi,</span> <span class='ocrx_word' id='word_1_105' title='bbox 508 2194 588 2257; x_wconf 90' lang='lat' dir='ltr'>hinc</span> <span class='ocrx_word' id='word_1_106' title='bbox 610 2194 690 2257; x_wconf 92' lang='lat' dir='ltr'>inde</span> <span class='ocrx_word' id='word_1_107' title='bbox 712 2193 917 2275; x_wconf 90' lang='lat' dir='ltr'>quibusdam</span> <span class='ocrx_word' id='word_1_108' title='bbox 940 2193 1149 2275; x_wconf 83' lang='lat' dir='ltr'>peremptis3</span> <span class='ocrx_word' id='word_1_109' title='bbox 1175 2200 1222 2270; x_wconf 87' lang='lat' dir='ltr'>et,</span> <span class='ocrx_word' id='word_1_110' title='bbox 1242 2212 1321 2256; x_wconf 89' lang='lat' dir='ltr'>cum</span> 
     </span>
     <span class='ocr_line' id='line_1_21' title="bbox 375 2290 1322 2368; baseline 0 -12"><span class='ocrx_word' id='word_1_111' title='bbox 375 2292 555 2357; x_wconf 88' lang='lat' dir='ltr'>castellum</span> <span class='ocrx_word' id='word_1_112' title='bbox 572 2292 750 2355; x_wconf 90' lang='lat' dir='ltr'>obsidione</span> <span class='ocrx_word' id='word_1_113' title='bbox 767 2291 957 2355; x_wconf 82' lang='lat' dir='ltr'>vallassent</span> <span class='ocrx_word' id='word_1_114' title='bbox 970 2290 1179 2368; x_wconf 85' lang='lat' dir='ltr'>Walleuses,</span> <span class='ocrx_word' id='word_1_115' title='bbox 1197 2292 1322 2356; x_wconf 90' lang='lat' dir='ltr'>inclusi</span> 
     </span>
     <span class='ocr_line' id='line_1_22' title="bbox 375 2388 1321 2474; baseline 0 -20"><span class='ocrx_word' id='word_1_116' title='bbox 375 2393 538 2455; x_wconf 91' lang='lat' dir='ltr'>continuo</span> <span class='ocrx_word' id='word_1_117' title='bbox 572 2389 745 2467; x_wconf 86' lang='lat' dir='ltr'>Huberto,</span> <span class='ocrx_word' id='word_1_118' title='bbox 773 2388 912 2471; x_wconf 81' lang='lat' dir='ltr'>Angliae</span> <span class='ocrx_word' id='word_1_119' title='bbox 936 2390 1144 2474; x_wconf 88' lang='lat' dir='ltr'>justiciario,</span> <span class='ocrx_word' id='word_1_120' title='bbox 1172 2393 1229 2454; x_wconf 91' lang='lat' dir='ltr'>cui</span> <span class='ocrx_word' id='word_1_121' title='bbox 1259 2411 1321 2455; x_wconf 81' lang='lat' dir='ltr'>rex</span> 
     </span>
     <span class='ocr_line' id='line_1_23' title="bbox 373 2489 1321 2572; baseline 0.003 -21"><span class='ocrx_word' id='word_1_122' title='bbox 373 2509 482 2572; x_wconf 88' lang='lat' dir='ltr'>nuper</span> <span class='ocrx_word' id='word_1_123' title='bbox 499 2489 662 2553; x_wconf 90' lang='lat' dir='ltr'>honorem</span> <span class='ocrx_word' id='word_1_124' title='bbox 678 2489 776 2552; x_wconf 92' lang='lat' dir='ltr'>illum</span> <span class='ocrx_word' id='word_1_125' title='bbox 791 2509 870 2553; x_wconf 94' lang='lat' dir='ltr'>cum</span> <span class='ocrx_word' id='word_1_126' title='bbox 887 2489 1031 2553; x_wconf 86' lang='lat' dir='ltr'>castello</span> <span class='ocrx_word' id='word_1_127' title='bbox 1048 2490 1201 2567; x_wconf 87' lang='lat' dir='ltr'>dederat,</span> <span class='ocrx_word' id='word_1_128' title='bbox 1216 2489 1321 2572; x_wconf 87' lang='lat' dir='ltr'>signi-</span> 
     </span>
     <span class='ocr_line' id='line_1_24' title="bbox 374 2588 1322 2665; baseline 0.003 -15"><span class='ocrx_word' id='word_1_129' title='bbox 374 2588 577 2665; x_wconf 87' lang='lat' dir='ltr'>ficaveruut,</span> <span class='ocrx_word' id='word_1_130' title='bbox 599 2596 634 2652; x_wconf 89' lang='lat' dir='ltr'>et</span> <span class='ocrx_word' id='word_1_131' title='bbox 649 2609 712 2652; x_wconf 86' lang='lat' dir='ltr'>rex</span> <span class='ocrx_word' id='word_1_132' title='bbox 730 2608 807 2652; x_wconf 92' lang='lat' dir='ltr'>cum</span> <span class='ocrx_word' id='word_1_133' title='bbox 832 2589 1055 2653; x_wconf 82' lang='lat' dir='ltr'>festinatione</span> <span class='ocrx_word' id='word_1_134' title='bbox 1078 2588 1161 2652; x_wconf 89' lang='lat' dir='ltr'>illuc</span> <span class='ocrx_word' id='word_1_135' title='bbox 1181 2589 1322 2653; x_wconf 88' lang='lat' dir='ltr'>veniens</span> 
     </span>
     <span class='ocr_line' id='line_1_25' title="bbox 374 2686 1321 2753; baseline 0.001 -2"><span class='ocrx_word' id='word_1_136' title='bbox 374 2687 569 2752; x_wconf 88' lang='lat' dir='ltr'>Wallenses</span> <span class='ocrx_word' id='word_1_137' title='bbox 599 2689 643 2751; x_wconf 91' lang='lat' dir='ltr'>ab</span> <span class='ocrx_word' id='word_1_138' title='bbox 674 2686 851 2751; x_wconf 88' lang='lat' dir='ltr'>obsidione</span> <span class='ocrx_word' id='word_1_139' title='bbox 884 2689 1039 2752; x_wconf 89' lang='lat' dir='ltr'>removit.</span> <span class='ocrx_word' id='word_1_140' title='bbox 1098 2687 1178 2752; x_wconf 82' lang='lat' dir='ltr'>Rex</span> <span class='ocrx_word' id='word_1_141' title='bbox 1205 2696 1321 2753; x_wconf 88' lang='lat' dir='ltr'>autem</span> 
     </span>
     <span class='ocr_line' id='line_1_26' title="bbox 375 2785 1323 2870; baseline 0.001 -20"><span class='ocrx_word' id='word_1_142' title='bbox 375 2785 581 2870; x_wconf 86' lang='lat' dir='ltr'>Anglorum,</span> <span class='ocrx_word' id='word_1_143' title='bbox 599 2787 750 2870; x_wconf 90' lang='lat' dir='ltr'>quicum</span> <span class='ocrx_word' id='word_1_144' title='bbox 775 2787 895 2868; x_wconf 89' lang='lat' dir='ltr'>paucis</span> <span class='ocrx_word' id='word_1_145' title='bbox 914 2795 1056 2851; x_wconf 85' lang='lat' dir='ltr'>venerat</span> <span class='ocrx_word' id='word_1_146' title='bbox 1074 2787 1229 2864; x_wconf 87' lang='lat' dir='ltr'>armatis,</span> <span class='ocrx_word' id='word_1_147' title='bbox 1251 2808 1323 2852; x_wconf 89' lang='lat' dir='ltr'>ma·</span> 
     </span>
     <span class='ocr_line' id='line_1_27' title="bbox 369 2886 1321 2969; baseline 0.001 -19"><span class='ocrx_word' id='word_1_148' title='bbox 369 2886 483 2968; x_wconf 89' lang='lat' dir='ltr'>jorem</span> <span class='ocrx_word' id='word_1_149' title='bbox 510 2886 727 2969; x_wconf 84' lang='lat' dir='ltr'>exspectavit</span> <span class='ocrx_word' id='word_1_150' title='bbox 753 2886 955 2962; x_wconf 80' lang='lat' dir='ltr'>exercitum,</span> <span class='ocrx_word' id='word_1_151' title='bbox 980 2893 1015 2949; x_wconf 91' lang='lat' dir='ltr'>et</span> <span class='ocrx_word' id='word_1_152' title='bbox 1040 2886 1178 2950; x_wconf 88' lang='lat' dir='ltr'>tandem</span> <span class='ocrx_word' id='word_1_153' title='bbox 1205 2888 1321 2952; x_wconf 92' lang='lat' dir='ltr'>multi·</span> 
     </span>
     <span class='ocr_line' id='line_1_28' title="bbox 375 2984 1323 3068; baseline 0.001 -19"><span class='ocrx_word' id='word_1_154' title='bbox 375 2987 493 3050; x_wconf 90' lang='lat' dir='ltr'>tudine</span> <span class='ocrx_word' id='word_1_155' title='bbox 527 2993 737 3049; x_wconf 85' lang='lat' dir='ltr'>armatorum</span> <span class='ocrx_word' id='word_1_156' title='bbox 765 2985 915 3067; x_wconf 86' lang='lat' dir='ltr'>stipatus</span> <span class='ocrx_word' id='word_1_157' title='bbox 941 2984 985 3048; x_wconf 90' lang='lat' dir='ltr'>ad</span> <span class='ocrx_word' id='word_1_158' title='bbox 1014 2985 1136 3049; x_wconf 88' lang='lat' dir='ltr'>silvam</span> <span class='ocrx_word' id='word_1_159' title='bbox 1165 2988 1323 3068; x_wconf 88' lang='lat' dir='ltr'>pervenit</span> 
     </span>
     <span class='ocr_line' id='line_1_29' title="bbox 374 3084 1324 3168; baseline 0.005 -23"><span class='ocrx_word' id='word_1_160' title='bbox 374 3085 621 3168; x_wconf 89' lang='lat' dir='ltr'>supradictam,</span> <span class='ocrx_word' id='word_1_161' title='bbox 655 3103 746 3166; x_wconf 88' lang='lat' dir='ltr'>quae,</span> <span class='ocrx_word' id='word_1_162' title='bbox 773 3091 813 3147; x_wconf 89' lang='lat' dir='ltr'>ut</span> <span class='ocrx_word' id='word_1_163' title='bbox 840 3084 1030 3161; x_wconf 85' lang='lat' dir='ltr'>dicebatur,</span> <span class='ocrx_word' id='word_1_164' title='bbox 1061 3086 1218 3167; x_wconf 86' lang='lat' dir='ltr'>spatiosa</span> <span class='ocrx_word' id='word_1_165' title='bbox 1248 3094 1324 3150; x_wconf 86' lang='lat' dir='ltr'>erat</span> 
     </span>
     <span class='ocr_line' id='line_1_30' title="bbox 375 3182 1320 3266; baseline 0.004 -22"><span class='ocrx_word' id='word_1_166' title='bbox 375 3185 489 3259; x_wconf 91' lang='lat' dir='ltr'>nimis,</span> <span class='ocrx_word' id='word_1_167' title='bbox 520 3182 650 3245; x_wconf 88' lang='lat' dir='ltr'>habens</span> <span class='ocrx_word' id='word_1_168' title='bbox 683 3183 834 3265; x_wconf 90' lang='lat' dir='ltr'>quinque</span> <span class='ocrx_word' id='word_1_169' title='bbox 869 3182 1044 3247; x_wconf 88' lang='lat' dir='ltr'>leucarum</span> <span class='ocrx_word' id='word_1_170' title='bbox 1075 3184 1320 3266; x_wconf 85' lang='lat' dir='ltr'>longitudinis3</span> 
     </span>
     <span class='ocr_line' id='line_1_31' title="bbox 375 3281 1323 3365; baseline 0.006 -23"><span class='ocrx_word' id='word_1_171' title='bbox 375 3282 448 3357; x_wconf 90' lang='lat' dir='ltr'>sed,</span> <span class='ocrx_word' id='word_1_172' title='bbox 476 3281 558 3344; x_wconf 89' lang='lat' dir='ltr'>licet</span> <span class='ocrx_word' id='word_1_173' title='bbox 583 3300 711 3360; x_wconf 85' lang='lat' dir='ltr'>magna</span> <span class='ocrx_word' id='word_1_174' title='bbox 738 3290 830 3345; x_wconf 90' lang='lat' dir='ltr'>esset</span> <span class='ocrx_word' id='word_1_175' title='bbox 855 3290 889 3346; x_wconf 89' lang='lat' dir='ltr'>et</span> <span class='ocrx_word' id='word_1_176' title='bbox 917 3302 989 3365; x_wconf 85' lang='lat' dir='ltr'>prae</span> <span class='ocrx_word' id='word_1_177' title='bbox 1019 3283 1127 3346; x_wconf 88' lang='lat' dir='ltr'>nimia</span> <span class='ocrx_word' id='word_1_178' title='bbox 1152 3284 1323 3348; x_wconf 87' lang='lat' dir='ltr'>densitate</span> 
     </span>
     <span class='ocr_line' id='line_1_32' title="bbox 375 3379 1323 3464; baseline 0.005 -22"><span class='ocrx_word' id='word_1_179' title='bbox 375 3380 418 3442; x_wconf 91' lang='lat' dir='ltr'>ad</span> <span class='ocrx_word' id='word_1_180' title='bbox 444 3380 689 3443; x_wconf 89' lang='lat' dir='ltr'>destruendum</span> <span class='ocrx_word' id='word_1_181' title='bbox 711 3379 921 3457; x_wconf 90' lang='lat' dir='ltr'>difficillima,</span> <span class='ocrx_word' id='word_1_182' title='bbox 944 3401 1022 3444; x_wconf 92' lang='lat' dir='ltr'>cum</span> <span class='ocrx_word' id='word_1_183' title='bbox 1052 3383 1185 3464; x_wconf 87' lang='lat' dir='ltr'>ingenti</span> <span class='ocrx_word' id='word_1_184' title='bbox 1207 3391 1323 3447; x_wconf 88' lang='lat' dir='ltr'>tamen</span> 
     </span>
     <span class='ocr_line' id='line_1_33' title="bbox 374 3478 1324 3560; baseline 0.006 -20"><span class='ocrx_word' id='word_1_185' title='bbox 374 3478 491 3542; x_wconf 88' lang='lat' dir='ltr'>labore</span> <span class='ocrx_word' id='word_1_186' title='bbox 520 3478 654 3542; x_wconf 90' lang='lat' dir='ltr'>succisa</span> <span class='ocrx_word' id='word_1_187' title='bbox 683 3487 735 3543; x_wconf 91' lang='lat' dir='ltr'>est</span> <span class='ocrx_word' id='word_1_188' title='bbox 764 3488 800 3544; x_wconf 88' lang='lat' dir='ltr'>et</span> <span class='ocrx_word' id='word_1_189' title='bbox 825 3480 963 3560; x_wconf 86' lang='lat' dir='ltr'>ignibus</span> <span class='ocrx_word' id='word_1_190' title='bbox 991 3489 1221 3546; x_wconf 88' lang='lat' dir='ltr'>concremata.</span> <span class='ocrx_word' id='word_1_191' title='bbox 1278 3482 1324 3546; x_wconf 90' lang='lat' dir='ltr'>Et</span> 
     </span>
     <span class='ocr_line' id='line_1_34' title="bbox 374 3578 1322 3649; baseline 0.007 -9"><span class='ocrx_word' id='word_1_192' title='bbox 374 3597 438 3641; x_wconf 83' lang='lat' dir='ltr'>rex</span> <span class='ocrx_word' id='word_1_193' title='bbox 458 3579 537 3642; x_wconf 87' lang='lat' dir='ltr'>inde</span> <span class='ocrx_word' id='word_1_194' title='bbox 558 3578 602 3641; x_wconf 93' lang='lat' dir='ltr'>ad</span> <span class='ocrx_word' id='word_1_195' title='bbox 624 3579 790 3642; x_wconf 88' lang='lat' dir='ltr'>interiora</span> <span class='ocrx_word' id='word_1_196' title='bbox 809 3580 1000 3642; x_wconf 83' lang='lat' dir='ltr'>exercitum</span> <span class='ocrx_word' id='word_1_197' title='bbox 1020 3579 1150 3643; x_wconf 90' lang='lat' dir='ltr'>ducens</span> <span class='ocrx_word' id='word_1_198' title='bbox 1166 3582 1262 3645; x_wconf 86' lang='lat' dir='ltr'>venit</span> <span class='ocrx_word' id='word_1_199' title='bbox 1279 3581 1322 3649; x_wconf 90' lang='lat' dir='ltr'>ad</span> 
     </span>
     <span class='ocr_line' id='line_1_35' title="bbox 374 3677 1324 3759; baseline 0.004 -18"><span class='ocrx_word' id='word_1_200' title='bbox 374 3677 547 3759; x_wconf 84' lang='lat' dir='ltr'>quoddam</span> <span class='ocrx_word' id='word_1_201' title='bbox 575 3677 810 3740; x_wconf 88' lang='lat' dir='ltr'>habitaculum</span> <span class='ocrx_word' id='word_1_202' title='bbox 832 3677 902 3740; x_wconf 91' lang='lat' dir='ltr'>albi</span> <span class='ocrx_word' id='word_1_203' title='bbox 926 3678 1069 3755; x_wconf 89' lang='lat' dir='ltr'>ordinis,</span> <span class='ocrx_word' id='word_1_204' title='bbox 1090 3678 1209 3743; x_wconf 86' lang='lat' dir='ltr'>Cridia</span> <span class='ocrx_word' id='word_1_205' title='bbox 1223 3700 1324 3746; x_wconf 67' lang='lat' dir='ltr'>voca</span> 
     </span>
     <span class='ocr_line' id='line_1_36' title="bbox 375 3775 1324 3860; baseline 0.004 -21"><span class='ocrx_word' id='word_1_206' title='bbox 375 3784 460 3853; x_wconf 86' lang='lat' dir='ltr'>turn,</span> <span class='ocrx_word' id='word_1_207' title='bbox 483 3776 576 3860; x_wconf 93' lang='lat' dir='ltr'>quod</span> <span class='ocrx_word' id='word_1_208' title='bbox 598 3775 833 3840; x_wconf 89' lang='lat' dir='ltr'>Walleusibus</span> <span class='ocrx_word' id='word_1_209' title='bbox 851 3784 926 3840; x_wconf 89' lang='lat' dir='ltr'>erat</span> <span class='ocrx_word' id='word_1_210' title='bbox 941 3778 1209 3860; x_wconf 86' lang='lat' dir='ltr'>receptaculum,</span> <span class='ocrx_word' id='word_1_211' title='bbox 1236 3779 1324 3843; x_wconf 89' lang='lat' dir='ltr'>sicut</span> 
     </span>
    </p>
   </div>
   <div class='ocr_carea' id='block_1_5' title="bbox 374 3874 1323 4058">
    <p class='ocr_par' dir='ltr' id='par_1_5' title="bbox 374 3874 1323 4058">
     <span class='ocr_line' id='line_1_37' title="bbox 375 3874 1322 3962; baseline 0.005 -24"><span class='ocrx_word' id='word_1_212' title='bbox 375 3877 449 3956; x_wconf 86' lang='lat' dir='ltr'>regi</span> <span class='ocrx_word' id='word_1_213' title='bbox 464 3875 576 3940; x_wconf 85' lang='lat' dir='ltr'>iuerat</span> <span class='ocrx_word' id='word_1_214' title='bbox 590 3876 799 3940; x_wconf 90' lang='lat' dir='ltr'>intimatum.</span> <span class='ocrx_word' id='word_1_215' title='bbox 853 3874 989 3960; x_wconf 90' lang='lat' dir='ltr'>Injecto</span> <span class='ocrx_word' id='word_1_216' title='bbox 1006 3877 1115 3957; x_wconf 88' lang='lat' dir='ltr'>igitur</span> <span class='ocrx_word' id='word_1_217' title='bbox 1131 3878 1174 3941; x_wconf 95' lang='lat' dir='ltr'>ad</span> <span class='ocrx_word' id='word_1_218' title='bbox 1193 3879 1322 3962; x_wconf 89' lang='lat' dir='ltr'>jussio·</span> 
     </span>
     <span class='ocr_line' id='line_1_38' title="bbox 374 3974 1323 4058; baseline 0.005 -21"><span class='ocrx_word' id='word_1_219' title='bbox 374 3994 452 4038; x_wconf 90' lang='lat' dir='ltr'>nem</span> <span class='ocrx_word' id='word_1_220' title='bbox 468 3977 558 4058; x_wconf 92' lang='lat' dir='ltr'>regis</span> <span class='ocrx_word' id='word_1_221' title='bbox 575 3975 706 4056; x_wconf 84' lang='lat' dir='ltr'>igneio</span> <span class='ocrx_word' id='word_1_222' title='bbox 720 3974 874 4038; x_wconf 85' lang='lat' dir='ltr'>aedificiis</span> <span class='ocrx_word' id='word_1_223' title='bbox 891 3976 973 4047; x_wconf 86' lang='lat' dir='ltr'>illis,</span> <span class='ocrx_word' id='word_1_224' title='bbox 996 3978 1112 4040; x_wconf 89' lang='lat' dir='ltr'>omnia</span> <span class='ocrx_word' id='word_1_225' title='bbox 1134 3976 1170 4039; x_wconf 94' lang='lat' dir='ltr'>in</span> <span class='ocrx_word' id='word_1_226' title='bbox 1187 3978 1323 4042; x_wconf 85' lang='lat' dir='ltr'>favillas</span> 
     </span>
    </p>
   </div>
   <div class='ocr_carea' id='block_1_6' title="bbox 480 4200 1221 4267">
    <p class='ocr_par' dir='ltr' id='par_1_6' title="bbox 480 4200 1221 4267">
     <span class='ocr_line' id='line_1_39' title="bbox 480 4200 1221 4267; baseline 0.005 -17"><span class='ocrx_word' id='word_1_227' title='bbox 480 4200 589 4251; x_wconf 69' lang='grc' dir='ltr'>1Εοιὶεηι</span> <span class='ocrx_word' id='word_1_228' title='bbox 598 4203 722 4266; x_wconf 80' lang='lat' dir='ltr'>tempora]</span> <span class='ocrx_word' id='word_1_229' title='bbox 740 4201 834 4255; x_wconf 76' lang='lat' dir='ltr'>Cliton.</span> <span class='ocrx_word' id='word_1_230' title='bbox 847 4204 924 4253; x_wconf 79' lang='lat' dir='ltr'>ll&#39;alt.</span> <span class='ocrx_word' id='word_1_231' title='bbox 936 4203 1114 4267; x_wconf 80' lang='lat' dir='ltr'>Heminglord,</span> <span class='ocrx_word' id='word_1_232' title='bbox 1125 4219 1150 4266; x_wconf 88' lang='lat' dir='ltr'>p.</span> <span class='ocrx_word' id='word_1_233' title='bbox 1162 4208 1221 4255; x_wconf 74' lang='lat' dir='ltr'>tta.</span> 
     </span>
    </p>
   </div>
   <div class='ocr_carea' id='block_1_7' title="bbox 0 0 1498 4996">
    <p class='ocr_par' dir='ltr' id='par_1_7' title="bbox 0 0 1498 4996">
     <span class='ocr_line' id='line_1_40' title="bbox 0 0 1498 4996; baseline 0 0"><span class='ocrx_word' id='word_1_234' title='bbox 0 0 1498 4996; x_wconf 95' lang='lat' dir='ltr'> </span> 
     </span>
    </p>
   </div>
  </div>
 </body>
</html>
