2978 4996
476 458 616 508 amans
640 458 906 508 nrsronrnnnn.
1099 447 1165 511 ³27

263 612 334 678 Per
365 613 454 679 idem
484 624 621 700 tempus
646 617 785 693 Petrus,
811 618 1061 682 Wintoniensis
1090 622 1161 702 epi·
1175 631 1329 731 phlg-bfflgfio'

210 731 349 794 scopus,
365 713 409 776 ad
427 715 627 780 mandatnm
642 716 771 780 domini
787 736 887 800 papae
904 711 1067 781 ¹Romam
1086 740 1161 801 pro
1175 732 1307 771 wiseram

209 810 321 875 fectus
335 821 400 890 est,
414 813 568 879 instante
592 816 801 880 solennitate
814 816 988 895 Paschali,
1006 825 1045 881 ut
1061 838 1163 899 guer-
1174 786 1255 871 ῗῑοῖιῗιῖῗ

211 929 286 974 ram
314 912 390 995 ejus
416 913 492 997 jam
520 914 579 976 din
615 923 737 978 contra
774 914 952 979 Romanos
981 936 1161 981 accensam

212 1010 409 1089 ordinaret;
448 1020 523 1077 erat
549 1014 638 1076 enim
665 1014 806 1096 juvenis
841 1014 877 1077 in
907 1016 1071 1097 obsequio
1099 1017 1162 1080 Ri-

211 1108 332 1173 chardi
347 1111 522 1192 magnifici
540 1112 717 1176 bellatoris
733 1121 838 1195 atque
851 1112 873 1175 J
878 1113 1024 1177 ohannis
1041 1135 1159 1196 regum

213 1206 364 1289 Angliae,
378 1229 456 1273 cnm
476 1211 601 1291 quibus
623 1213 717 1293 prius
740 1211 907 1275 didicerat
926 1233 1025 1276 nsum
1044 1213 1160 1278 loricae

210 1326 314 1388 quam
345 1309 552 1390 pontificalis
583 1311 744 1391 planetae,
777 1318 813 1375 et
845 1312 937 1375 acies
968 1321 1160 1376 castrorum

210 1405 393 1488 disponere
410 1427 514 1490 qnam
532 1409 675 1473 verbum
690 1409 769 1473 fidei
786 1409 985 1491 predicare.

483 1582 534 1645 De
542 1581 766 1666 predicatione
781 1585 890 1647 crocis.

263 1701 345 1767 Hoc
358 1703 505 1785 deniqne
523 1724 624 1781 anno,
641 1706 700 1787 qni
715 1712 769 1768 est
784 1725 894 1769 annus
906 1715 1051 1771 octavus
1068 1716 1161 1790 post·
1174 1719 1322 1809 53:01}an

210 1820 316 1884 quam
337 1803 535 1867 constitutae
554 1811 636 1867 sunt
650 1811 782 1884 treugae
799 1804 1003 1869 decennales
1018 1807 1052 1869 in
1070 1815 1161 1871 terra
1173 1821 1269 1859 crunde-

210 1900 447 1983 promissionis
474 1903 564 1966 inter
590 1903 787 1966 Romanum
808 1904 1050 1984 imperatorem
1078 1905 1162 1968 Fre-

211 1999 365 2064 dericnm
381 2008 416 2065 et
433 2001 637 2083 Babylonia·
658 2002 859 2077 Soldanum,
880 2001 973 2065 sacta
987 2010 1041 2065 est
1055 1996 1160 2084 ²prae·

212 2097 340 2162 dicatio
367 2101 480 2164 crucis
506 2120 568 2182 per
597 2102 714 2165 orbem
740 2101 938 2164 universum
962 2100 1161 2165 Christiana

212 2197 281 2261 tide
311 2199 524 2279 insignitum,
560 2199 603 2262 ad
635 2201 933 2264 commonitionem
967 2210 1002 2265 et
1028 2201 1160 2264 instan-

211 2296 297 2360 tiam
314 2296 442 2361 domini
458 2318 558 2380 papae
574 2298 746 2380 Gregorii,
768 2301 827 2382 qni
850 2300 968 2363 literas
991 2301 1027 2364 in
1047 2298 1159 2365 diver-

211 2414 271 2460 sas
286 2397 379 2460 orbis
396 2405 512 2479 partes
526 2400 591 2462 sub
609 2399 673 2462 hac
691 2399 801 2462 forma
817 2399 965 2479 direxit3

522 2572 742 2636 Antieotieom
748 2593 852 2658 pnpae.

173 2724 184 2745 ·
263 2690 500 2777 ‘Gregorius³
524 2697 720 2779 episcopus,
737 2716 858 2760 servus
885 2717 1061 2761 servornm
1083 2698 1162 2773 Dei,
1174 2713 1220 2752 The
1229 2711 1298 2762 rone'·

215 2796 386 2860 universis
401 2795 542 2860 Domini
561 2798 669 2860 nostri
683 2796 705 2859 J
710 2816 770 2859 esu
784 2795 913 2859 Christi
928 2796 1086 2859 fidelibus
1102 2816 1163 2877 per
1175 2762 1318 2852 iiiiiie'f‘h‘

216 2915 362 2976 regnum
383 2895 523 2977 Anglioe
544 2896 755 2971 constitutis,
776 2895 819 2958 ad
844 2914 930 2977 quos
952 2895 1062 2958 literae
1085 2894 1162 2959 istae

216 2996 450 3077 pervenerint,
472 2994 619 3059 salutem
647 3003 682 3058 et
701 2994 927 3076 apostolicam
951 2993 1162 3057 benedictio·

215 3113 306 3158 nem.
353 3094 485 3158 Rachel
504 3091 636 3177 [suum]
649 3093 770 3157 videns
785 3095 821 3158 in
836 3113 927 3158 verae
946 3094 1023 3157 fidei
1041 3094 1160 3174 cogni-

216 3194 525 3277 tioneprincipinm
537 3194 805 3257 accrescentium
824 3194 860 3256 in
878 3194 1084 3270 salutemet
1099 3192 1161 3255 fili-

215 3312 313 3357 orum
327 3292 480 3356 dexterae
495 3293 554 3376 pia
569 3299 680 3356 mater
693 3301 816 3358 sancta
831 3293 991 3358 Romana
1004 3293 1162 3369 ecclesia,

214 3391 314 3474 cnjus
332 3411 460 3473 magna
477 3399 531 3455 est
547 3393 646 3474 qnasi
670 3411 762 3457 mare
778 3392 821 3455 de
837 3413 909 3457 suae
928 3393 1034 3477 prolis
1055 3394 1161 3457 inter-

213 3492 357 3555 necione
381 3491 555 3567 contritio,
572 3511 690 3555 vocem
717 3491 986 3568 lamentationis,
1004 3492 1104 3554 fletus
1128 3500 1163 3555 et

215 3591 331 3654 luctus
348 3591 461 3654 emisit
476 3591 645 3655 hactenns
657 3598 692 3654 et
706 3591 844 3666 emittit,
855 3610 958 3672 quam
975 3590 1087 3652 audiri
1103 3608 1162 3653 cu-

252 3788 372 3840 ¹Romom
392 3791 513 3856 profectur
534 3789 602 3851 est]
630 3792 678 3841 ‘In
704 3792 748 3854 ing
775 3790 805 3839 ot
828 3790 896 3839 John
922 3789 952 3838 ot
974 3789 1094 3851 Vicenza,
1121 3802 1164 3836 see

215 3862 291 3924 cnjus
306 3863 431 3911 auxilium
443 3862 546 3922 Petrus,
556 3862 680 3910 Wintoni·
705 3862 808 3922 Flenry,
820 3861 889 3908 Hist.
897 3860 968 3909 Eecl.
980 3859 1041 3906 xvii.

215 3932 284 3981 ensis
295 3933 440 3993 episcopus,
451 3931 570 3993 grandem
588 3946 680 3980 execu·
741 3928 933 3992 'Gregorius.]
971 3929 1095 3988 Compare
1122 3927 1164 3975 the

215 4003 309 4050 tionem
325 3999 489 4067 (exercitum)
505 4001 537 4051 de
557 4002 680 4050 militibus
704 4001 777 4049 letter
789 4000 887 4062 printed
903 4000 928 4047 in
939 3999 981 4047 the
997 3997 1128 4046 collection
1139 3997 1169 4044 oi

215 4077 241 4122 et
255 4072 392 4121 balistariis
403 4086 485 4133 usque
496 4073 530 4121 ad
542 4071 678 4120 Perusinm
705 4071 834 4130 Councils,
855 4070 944 4119 xxviii.
972 4084 997 4129 p.
1027 4071 1093 4127 ³093
1122 4082 1164 4114 see

217 4137 355 4204 perduxit3'
375 4141 679 4202 Chron.Dunst.p.228.
704 4141 759 4189 also
783 4139 916 4201 Michaud,
939 4143 997 4188 tom.
1023 4139 1055 4186 iv.
1079 4152 1104 4199 p.
1123 4141 1165 4199 tl,

251 4208 443 4275 ’Proedicntio.]
461 4211 511 4260 For
521 4211 564 4260 the
575 4210 679 4273 preach·
703 4225 768 4274 seqq.
