2978 4996
409 433 432 496 6
545 476 549 483 -
670 444 803 492 aoasar
828 445 874 490 ns
898 443 1105 491 wannovsa

250 622 306 664 nn.
318 621 376 660 1²1⁶·
415 622 553 687 quoque
579 602 647 679 die,
677 601 864 665 baronibus
895 601 938 664 ad
972 619 1125 664 mensam
1152 598 1365 676 sedentibus,

417 704 577 766 exierunt
592 701 706 765 denuo
722 700 850 764 milites
876 707 912 763 et
929 701 1119 763 servientes
1141 697 1299 779 praedicti
1308 698 1366 761 ‘le

418 801 574 877 castello,
600 807 636 864 et
661 800 697 862 in
728 798 964 863 confusionem
992 799 1160 861 baronum
1186 797 1367 873 vexillum,

418 899 509 982 quod
540 899 645 981 paulo
676 905 758 962 ante
788 902 991 979 rapuerunt,
1019 896 1242 977 praeferentes
1269 897 1366 976 cogi-

420 999 542 1062 tabant
569 998 681 1062 dictos
714 998 860 1061 barones
890 1013 1059 1077 occupare
1088 995 1260 1073 inermes3
1292 995 1366 1072 sed,

419 1097 498 1160 aliis
532 1096 760 1178 praemunitis,
792 1095 960 1177 compulsi
994 1100 1077 1157 sunt
1109 1093 1154 1156 ad
1185 1093 1367 1157 castellum

419 1194 539 1259 redire.
592 1194 750 1277 Cumque
766 1193 840 1257 dies
863 1193 1034 1257 crastinus
1056 1192 1243 1268 illuxisset,
1258 1192 1367 1274 jussit

422 1293 628 1358 Lodowicus
670 1293 840 1375 petrarias
876 1299 911 1355 et
946 1291 1034 1355 alias
1072 1291 1154 1354 belli
1189 1290 1367 1354 machinas

421 1393 513 1456 circa
544 1393 650 1456 castri
683 1391 850 1454 ambitum
882 1390 1025 1472 erigere,
1060 1390 1185 1472 quibus
1216 1388 1367 1471 undique

421 1490 599 1554 collocatis
628 1489 811 1554 damnosos
845 1488 976 1570 lapides
1009 1490 1166 1553 emittere
1194 1508 1264 1552 non
1292 1508 1368 1552 ces·

421 1589 571 1669 sabant3
604 1588 730 1670 quibus
752 1588 997 1664 Walerannus,
1028 1606 1154 1669 genere
1176 1586 1367 1650 Teutboni·

421 1706 496 1764 cus,
518 1688 618 1750 miles
646 1686 808 1769 inopere
833 1687 959 1750 martio
987 1687 1163 1768 probatus,
1191 1704 1268 1748 cum
1294 1686 1368 1748 suis

421 1785 709 1851 commilitonibus
747 1785 893 1850 viriliter
935 1786 1135 1849 resistentes
1181 1784 1367 1849 multorum

422 1885 555 1948 animas
583 1904 627 1949 ex
660 1883 855 1966 Galligenis
891 1884 1198 1948 excommunicatis
1225 1883 1270 1946 ad
1296 1890 1368 1947 tar·

423 1989 499 2047 tara
521 1983 741 2064 direxerunt;
768 1984 827 2047 sed
850 1983 999 2065 denique
1022 1990 1102 2065 post
1118 1983 1287 2046 diutinam
1310 1983 1368 2045 ob-

421 2081 600 2160 sidionem,
619 2103 664 2147 ex
686 2091 861 2165 praecepto
883 2081 987 2164 regis,
1006 2081 1119 2145 dictus
1139 2080 1369 2145 walerannus

266 2209 277 2238 ι
325 2208 358 2238 ω.
421 2186 457 2244 et
488 2181 673 2263 complices
705 2180 781 2263 ejus
814 2180 999 2246 Lodowico
1033 2179 1225 2254 castellum,
1259 2179 1367 2242 salvis

422 2278 487 2342 sibi
516 2280 614 2361 equis
647 2285 683 2343 et
706 2279 823 2356 armis,
845 2279 1067 2343 reddiderunt
1089 2273 1237 2342 ¹decimo
1263 2277 1366 2342 tertio

422 2377 591 2441 kalendas
616 2376 640 2440 J
643 2378 789 2441 anuarii.
841 2376 885 2441 In
917 2378 1070 2442 crastino
1099 2382 1227 2452 autem,
1254 2376 1366 2458 impo-

420 2476 497 2539 sitis
524 2476 596 2539 suis
618 2477 655 2538 in
678 2476 834 2553 castello,
857 2476 1063 2542 Lodowicus
1086 2476 1180 2540 venit
1197 2474 1241 2538 ad
1266 2494 1367 2539 sanc-

421 2581 494 2636 tum
528 2574 717 2651 Albanum,
749 2575 784 2637 in
816 2574 872 2638 die
903 2575 1064 2640 videlicet
1095 2573 1188 2637 beati
1222 2573 1367 2637 Thomas

421 2673 583 2753 apostoli,
610 2672 756 2755 exigens
783 2673 827 2736 ab
852 2674 977 2738 abbate
1000 2680 1040 2736 ut
1064 2672 1193 2737 faceret
1214 2673 1280 2736 sibi
1305 2673 1365 2737 bo·

420 2770 594 2853 magium3
618 2772 674 2835 cui
699 2791 777 2836 cum
802 2774 910 2836 abbas
937 2772 1183 2854 respondisset,
1209 2790 1246 2834 se
1275 2772 1366 2835 nolle

420 2870 452 2933 ei
477 2869 676 2953 homagium
697 2871 823 2949 facere,
845 2872 913 2934 nisi
941 2870 1036 2953 prius
1062 2870 1301 2935 absolveretur
1323 2871 1367 2933 ab

420 2968 582 3050 homagio
610 2968 702 3050 quod
725 2969 855 3032 fecerat
881 2970 955 3049 regi
977 2967 1183 3049 Anglorum,
1207 2969 1368 3033 Lodowi·

420 3085 481 3129 cus
494 3067 713 3129 vehementer
727 3066 928 3148 indignatus
940 3066 1087 3149 juravit,
1104 3087 1141 3131 se
1158 3069 1239 3149 igne
1255 3067 1367 3150 ipsam

420 3164 595 3227 abbatiam
618 3184 696 3226 cum
714 3165 797 3229 villa
820 3171 894 3230 tota
916 3174 1158 3242 crematurum,
1185 3166 1252 3228 nisi
1274 3167 1366 3230 lace-

420 3270 474 3325 ret
488 3263 580 3344 quod
594 3264 747 3344 petebat.
788 3264 942 3328 Tandem
954 3266 1062 3330 abbas
1076 3263 1274 3347 praedictus,
1286 3273 1367 3346 post

420 3362 704 3426 comminationes
743 3364 923 3441 terrificas,
966 3365 1218 3429 interveniente
1258 3362 1366 3428 Saero

420 3461 546 3525 comite
567 3461 814 3537 Wintoniensi,
840 3463 942 3526 finem
966 3463 1050 3527 fecit
1072 3483 1136 3545 pro
1162 3482 1200 3525 se
1226 3469 1262 3526 et
1284 3462 1368 3525 villa

418 3565 506 3636 tota,
530 3559 616 3623 dans
640 3560 826 3625 Lodowico
848 3582 912 3644 pro
933 3562 1081 3625 induciis
1106 3580 1216 3643 usqua
1239 3562 1283 3624 ad
1302 3580 1367 3642 pu-

416 3658 642 3723 rificationem
660 3659 771 3723 beatae
793 3657 917 3724 Mariae
939 3667 1064 3742 quater
1080 3660 1205 3739 viginti
1231 3678 1367 3723 marcas

416 3759 572 3839 argenti3
596 3777 666 3840 qno
683 3758 789 3835 facto,
807 3758 1013 3823 Lodowicus
1029 3757 1073 3822 ad
1092 3758 1210 3821 urbem
1230 3757 1368 3821 Londo-

415 3857 549 3921 niarum
567 3877 727 3922 reversus
745 3863 810 3922 est.

448 4027 456 4059 ¹
469 4030 570 4079 Decimo
582 4032 654 4080 tertia
665 4033 779 4081 kalendas
789 4031 930 4095 doncuria]
953 4047 981 4080 or
999 4031 1041 4082 the
1060 4032 1129 4083 idib.
1167 4031 1220 4080 'l'be
1232 4031 1366 4092 Waverley

414 4097 512 4147 Annals
524 4099 588 4148 have
605 4101 632 4151 S.
646 4097 738 4161 Lucy's
749 4103 810 4162 day,
820 4117 849 4150 or
859 4100 901 4149 the
914 4101 982 4151 rath.
