2978 4996
475 456 616 505 rnoars
639 457 905 509 rrrsroamaun.
1097 446 1164 512 8⁰7

212 615 330 679 omnia
344 615 489 680 castella
508 635 572 679 sua
589 624 623 680 et
639 625 749 681 terras
766 615 957 691 Hiberniae,
969 616 1068 700 cnjus
1086 637 1161 680 eor·
1175 630 1297 719 3333?-

211 733 277 797 pus
293 715 329 777 in
346 715 526 780 voluntate
543 715 619 798 ejus
642 723 717 779 erat
733 734 774 778 ac
796 723 982 796 potestate,
997 734 1162 797 quacum·
1173 732 1210 769 the
1223 730 1322 770 mmm.

211 832 280 896 que
297 814 446 878 voluerit
462 822 573 878 morte
593 814 696 878 etiam
718 814 917 895 turpissima
937 815 1160 896 puniendum,

211 919 253 977 ut
268 913 329 995 qui
354 933 416 996 per
439 914 609 997 judicium
633 914 739 976 curiae
764 932 837 976 suar
861 915 972 995 primo
998 913 1160 978 exulatus

212 1029 254 1076 ac
276 1020 398 1094 postea
416 1011 603 1088 diffidatus,
619 1020 654 1075 et
669 1031 760 1075 nunc
781 1012 818 1074 in
834 1012 1019 1093 campestri
1040 1013 1161 1093 praelio

169 1172 174 1183 ,
211 1118 334 1174 contra
351 1130 429 1174 eum
445 1112 629 1175 commisso
653 1119 801 1192 captns;
824 1110 942 1174 ‘Utile
958 1111 1021 1173 tibi
1039 1112 1103 1175 erit
1122 1119 1161 1175 ut

210 1208 286 1273 lroee
310 1209 418 1273 facias
442 1211 518 1274 sine
539 1210 810 1274 contradictione
833 1217 869 1273 et
891 1211 935 1272 ab
959 1229 1000 1272 eo
1027 1210 1158 1273 miscri-

211 1308 363 1372 cordiam
379 1309 623 1392 consequaris.'
674 1308 911 1374 Ostenderunt
924 1315 1093 1390 praeterea
1109 1309 1160 1373 illi

210 1406 331 1471 literas
357 1409 449 1489 regis
474 1416 644 1490 patentes,
672 1408 853 1489 inquibus
876 1408 926 1470 cis
948 1416 1158 1490 praeceptum

210 1513 300 1582 erat,
313 1507 418 1587 qnod,
427 1506 455 1570 si
466 1526 549 1570 casu
560 1507 691 1570 veniret
699 1508 735 1570 in
750 1505 967 1583 Hiberniam,
980 1506 1047 1588 ipsi
1061 1506 1158 1570 illum

211 1613 378 1686 caperent
401 1613 436 1669 et
461 1606 578 1670 vivum
601 1606 666 1668 sibi
689 1612 751 1668 aut
773 1613 945 1669 mortuum
968 1614 1156 1687 praesenta-

210 1711 301 1767 rent.
354 1703 583 1767 Marescallus
605 1712 721 1767 autem
740 1703 860 1766 videns
879 1704 962 1785 quia
984 1705 1019 1766 in
1042 1712 1157 1786 potes·

211 1810 285 1866 tate
311 1810 386 1866 erat
404 1803 617 1867 inimicorum
641 1821 782 1865 suornm
805 1801 970 1883 praecepit
993 1803 1156 1867 continuo

210 1919 273 1982 per
286 1901 407 1966 literas
429 1920 522 1978 suas,
545 1908 584 1964 ut
602 1902 719 1964 omnia
741 1899 885 1964 castella
903 1918 967 1962 sna
983 1900 1057 1979 regi
1080 1901 1157 1964 red·

210 1999 387 2078 derantur,
404 2001 559 2064 nesciens
576 2000 668 2083 quod
687 2018 851 2063 concessa
872 2006 972 2061 erant
989 1998 1158 2077 magnati-

210 2099 276 2163 bus
298 2099 366 2162 illis
392 2119 455 2182 per
477 2108 608 2164 cartam
631 2100 723 2180 regis
745 2099 834 2162 inter
855 2117 893 2160 se
915 2096 1100 2160 dividenda
1123 2107 1158 2161 et

207 2197 288 2282 jure
310 2197 528 2263 haereditario
554 2198 773 2280 possidenda.
825 2196 1016 2278 Coeperunt
1034 2196 1158 2260 deinde

212 2297 357 2361 vulnera
373 2297 449 2381 ejus
461 2297 577 2361 dolere
598 2297 752 2379 graviter
766 2307 802 2361 et
816 2304 960 2372 tumere,
979 2295 1069 2359 unde
1086 2316 1158 2378 prae

212 2395 318 2460 nimio
334 2397 489 2460 cruciatu
503 2396 671 2460 auxilium
687 2396 809 2460 medici
826 2396 1025 2477 postulavit.
1058 2395 1158 2460 Tunc

215 2494 406 2560 Mauricius
423 2496 651 2579 justiciarius,
678 2497 742 2558 sub
770 2496 870 2578 cujus
893 2494 1051 2559 custodia
1071 2507 1160 2571 erat,

213 2595 382 2658 medicum
405 2596 557 2670 vocavit,
587 2595 710 2676 magis,
733 2602 772 2658 ut
794 2594 931 2669 dicitur,
954 2594 989 2656 in
1013 2594 1160 2658 exitium

212 2712 316 2776 quam
345 2693 538 2772 auxilium;
569 2694 629 2757 sed
663 2693 902 2768 Marescallus,
934 2700 972 2755 nt
1002 2691 1159 2754 fidelissi·

213 2811 290 2856 mus
308 2792 538 2869 Christianus,
558 2799 640 2855 ante
659 2812 793 2856 omnem
811 2791 1013 2854 medicinam
1038 2809 1160 2852 carna·

213 2891 292 2969 lem,
314 2892 350 2954 in
372 2892 588 2956 confessione
613 2899 650 2955 et
665 2892 791 2954 viatico
813 2909 854 2953 ac
874 2889 1029 2969 legitimo
1055 2895 1161 2951 testa-

214 2998 330 3055 mento
353 2992 485 3055 exitum
508 3009 607 3053 suum
630 2992 778 3054 munivit
802 2996 838 3052 et
852 3007 926 3051 susc
944 2986 1064 3050 mortis
1079 3006 1160 3050 cau·

213 3108 287 3154 sam
311 3090 462 3154 Domino
485 3090 750 3154 commendavit.
804 3088 962 3151 Medicus
985 3094 1101 3149 autem
1117 3086 1160 3148 ad

214 3207 292 3252 cum
315 3189 481 3253 accedens
504 3208 579 3252 cum
604 3190 694 3252 ferro
716 3189 822 3269 longo
843 3195 878 3251 et
891 3187 1001 3268 ignito
1021 3186 1161 3249 vulnera

214 3287 290 3372 ejus
321 3289 468 3369 apernit,
501 3296 632 3352 ettam
661 3308 755 3370 saepe
780 3295 815 3351 et
840 3286 1008 3368 profunde
1034 3285 1160 3348 serrum

213 3386 389 3463 demersit,
412 3387 504 3471 quod
527 3407 571 3451 ex
588 3388 785 3451 vulneribus
807 3388 1011 3467 sangninem
1033 3385 1160 3448 elicuit.

215 3484 444 3549 Marescallus
461 3507 542 3551 vero
565 3507 628 3568 pro
652 3487 758 3550 nimia
780 3485 908 3549 doloris
938 3485 1102 3564 angustia
1126 3485 1161 3546 in

214 3584 343 3648 febrem
366 3594 503 3650 acutam
529 3585 689 3650 decidens
709 3581 825 3648 ¹sexto
847 3584 979 3647 decimo
997 3582 1051 3644 die
1067 3588 1162 3662 post·

213 3703 318 3767 quam
340 3684 375 3746 in
398 3685 518 3767 praelio
536 3685 738 3749 vulneratus
753 3683 867 3746 fuerat
885 3681 920 3743 in
937 3679 1086 3743 Domino
1104 3680 1163 3741 ob-

213 3782 376 3847 dormivit
398 3784 530 3848 decimo
552 3793 653 3848 sexto
676 3781 843 3847 kalendas
870 3779 980 3857 Maii;
1013 3778 1048 3840 in
1073 3796 1162 3840 cras·

250 3979 508 4048 'Sextodecinwdie.]
526 3984 592 4034 ‘Per
603 3986 676 4046 quin·
702 3999 746 4032 rex
757 3984 905 4032 certioratus
916 3981 961 4029 diu
978 3979 1083 4040 gemuit,
1098 3978 1165 4026 sicut

213 4052 296 4102 decim
319 4054 374 4102 dies
397 4060 531 4114 sequentes
553 4055 677 4116 languens
702 4069 747 4102 rex
759 4053 846 4102 David
857 4065 934 4112 super
945 4055 1022 4099 morte
1039 4048 1124 4096 Saulis
1140 4051 1166 4095 et

213 4129 239 4171 et
250 4123 425 4184 poenitentiam
436 4139 516 4186 agens
527 4124 594 4173 diem
609 4125 678 4173 clau·
703 4123 821 4172 Jonathae
831 4123 848 4180 ;’
865 4121 958 4170 Chron.
966 4118 1060 4166 Dunst.
1072 4132 1097 4177 p.
1107 4120 1164 4165 210.

213 4193 248 4241 rit
256 4198 404 4242 extremum.
432 4194 514 4255 Super
521 4195 594 4255 cnjus
601 4198 679 4242 morte
702 4193 751 4242 ‘ln
762 4192 893 4242 castellum
909 4190 1104 4252 deputaverunt,
1121 4187 1164 4235 ubl

1009 4285 1060 4330 xl
