2978 4996
473 477 614 525 monus
637 477 907 527 msromnnuu.
1097 466 1165 530 309

208 641 378 715 enpantes
403 630 494 697 inter
518 654 555 696 se
579 634 783 712 diviserunt,
810 637 900 700 sicut
926 637 977 699 eis
1003 658 1065 720 per
1087 658 1162 703 car.
1174 658 1229 699 nn.
1240 659 1296 697 12³4.

210 742 282 797 tam
303 733 395 814 regis
417 732 555 796 fuerant
574 735 790 812 confirmata,
813 736 1088 817 possessionibus
1107 739 1161 800 in-

207 832 421 896 cumbentes.

295 1003 385 1083 Quod
399 1024 497 1066 octoas
512 1003 631 1067 nubo
648 1005 808 1089 adpeoem
824 1007 904 1090 repis
921 1015 1074 1070 velarent.

260 1126 330 1190 Per
345 1126 434 1189 idem
451 1127 556 1190 etiam
574 1134 721 1208 tempus,
735 1135 815 1208 post
830 1126 1034 1192 Pascbalem
1050 1130 1160 1193 solen·
1172 1151 1308 1200 mamas

211 1225 367 1303 nitatem,
388 1245 465 1289 eum
491 1244 554 1288 rex
576 1223 770 1306 Anglorum
793 1245 913 1289 versus
937 1201 1321 1292 Gloverniami1¹2⁰t¹‹'›i2‘i⁰0l'1ff‘¹

211 1324 368 1388 tenderet
395 1325 537 1405 cupiens
563 1324 705 1387 obviare
737 1325 995 1407 archiepiscopo
1022 1336 1058 1390 et
1085 1329 1159 1409 epi·

210 1424 338 1504 scopis,
355 1442 443 1505 quos
462 1423 497 1484 in
515 1422 679 1485 Walliam
695 1423 847 1499 miserat,
869 1432 909 1487 ut
922 1426 1159 1507 supradictum

211 1528 276 1594 est,
300 1521 394 1584 venit
417 1521 509 1602 apud
531 1520 744 1584 Wodestoke
771 1524 960 1585 manerium
985 1544 1098 1601 snum,
1121 1534 1160 1588 ut

210 1627 430 1702 pernoctaret
447 1618 584 1682 ibidem.
629 1619 810 1684 Venerunt
824 1629 939 1684 autem
956 1623 1003 1685 ibi
1020 1622 1158 1687 adeum

212 1719 323 1782 nuntii
340 1738 385 1781 ex
404 1718 586 1794 Hibernia,
601 1737 720 1781 casum
743 1719 774 1780 ei
798 1720 982 1782 relerentes
1005 1720 1047 1784 de
1068 1742 1159 1785 mor·

214 1825 249 1880 te
275 1818 409 1881 comitis
434 1816 659 1893 Maresealli;
695 1815 784 1878 unde
807 1838 882 1894 rex,
910 1817 1160 1883 admirantibus

213 1917 347 1979 cunctis
371 1915 430 1997 qui
449 1915 605 1991 aderant,
628 1916 663 1977 in
687 1915 804 1978 fletum
828 1935 1054 1998 prorumpens
1076 1937 1159 1980 con·

212 2024 355 2097 questus
382 2021 436 2077 est
452 2015 494 2077 de
512 2022 621 2077 morte
640 2015 729 2077 tanti
746 2013 876 2090 militis,
899 2033 1054 2076 asserens
1078 2035 1158 2079 con-

211 2122 357 2189 stanter,
367 2112 460 2194 quod
478 2112 610 2175 nullum
624 2114 689 2175 sibi
707 2131 823 2193 parem
834 2113 869 2175 in
887 2133 992 2193 regno
1011 2114 1159 2177 moriens

213 2212 431 2295 reliquisset;
454 2219 489 2275 et
499 2213 662 2275 continuo
679 2212 811 2275 vocatis
827 2212 1036 2294 presbyteris
1051 2212 1093 2276 de
1105 2232 1159 2276 ca·

212 2310 305 2394 pella
328 2328 405 2386 sna,
432 2310 514 2374 fecit
540 2310 726 2373 solenniter
752 2310 929 2375 decantari
958 2313 1159 2394 obsequium

212 2409 451 2473 defunctorum
484 2429 547 2491 pro
576 2410 691 2472 anima
716 2409 836 2489 ipsiuS,
868 2418 904 2473 et
931 2411 967 2472 in
995 2412 1159 2488 erastino,

213 2508 392 2590 eompletis
407 2509 588 2570 missarum
612 2508 786 2583 solenniis,
809 2507 926 2589 largas
949 2511 1159 2591 pauperibus

213 2607 449 2689 eleemosynas
460 2607 637 2686 erogabat.
672 2606 803 2669 Beatus
818 2626 901 2686 ergo
917 2626 978 2669 rex
993 2608 1085 2683 talis,
1099 2609 1159 2689 qui

213 2707 311 2770 novit
327 2705 483 2768 inimicos
500 2705 654 2784 diligere,
674 2713 801 2768 etcum
821 2703 1007 2786 lachrymis
1029 2700 1160 2787 'potest
1263 2725 1267 2739 ·

210 2823 274 2886 pro
291 2804 364 2866 suis
378 2804 654 2885 persecutoribus
664 2802 852 2866 Dominum
865 2822 1019 2865 exorare.
1054 2803 1159 2867 Cum·

212 2921 280 2985 que
301 2921 364 2964 rex
382 2902 461 2965 inde
483 2902 657 2984 profectus
678 2901 722 2963 ad
739 2900 961 2964 Gloverniam
986 2903 1161 2982 pervenis·

213 3009 277 3077 set,
297 3001 393 3063 venit
408 3001 451 3063 ad
472 3020 549 3064 eum
572 3001 620 3063 ibi
642 2999 877 3075 EadmundnS,
900 2997 1161 3063 cantuariensis

212 3099 501 3180 archiepiscopus
529 3119 606 3162 cum
631 3099 812 3181 episcopis,
837 3099 993 3179 quicum
1018 3100 1094 3181 ipso
1116 3100 1160 3162 ad

215 3198 394 3261 Loelinum
409 3197 547 3261 fuerant
560 3197 735 3274 destinati,
749 3197 990 3261 denuntiantes
1009 3199 1052 3274 ei,
1068 3199 1160 3280 quod

213 3316 290 3361 cum
314 3295 458 3360 Loelino
480 3296 523 3358 de
547 3289 712 3377 ²quadam
742 3296 852 3359 forma
870 3298 965 3378 pacis
988 3304 1159 3360 tractave-

213 3403 304 3469 rant,
322 3396 372 3458 ita
390 3402 516 3470 tamen,
530 3394 623 3476 quod
641 3403 721 3458 ante
737 3397 852 3458 omnia
869 3397 942 3476 regi
960 3396 1158 3460 reconcilia·

213 3503 334 3558 rentur
350 3494 414 3558 viri
434 3493 565 3556 nobiles
586 3493 629 3556 de
652 3513 771 3575 regno,
793 3495 916 3576 quibus
944 3494 1158 3557 conloedera·

215 3601 272 3658 tus
292 3600 368 3656 erat
384 3591 473 3655 idem
496 3591 673 3668 Loelinus,
695 3593 755 3674 qui
777 3612 838 3674 per
862 3611 1006 3672 pravum
1024 3592 1160 3654 consili-

214 3711 272 3754 um
289 3690 426 3754 fuerant
443 3692 487 3754 ab
502 3688 632 3771 Anglia
650 3691 800 3765 exulati;
826 3709 896 3770 quo
918 3688 982 3751 rite
1005 3696 1159 3769 peracto,

213 3790 361 3872 praesata
378 3789 561 3852 concordia
577 3788 711 3870 plenius
727 3789 932 3851 firmaretur.
968 3787 1068 3849 Tunc
1085 3806 1159 3863 rex,

249 3954 375 4019 'Potest.]
392 3951 511 4004 ‘Potest'
528 3956 551 4004 is
569 3955 674 4004 marked
699 3959 776 4003 terme
792 3954 822 4002 os
833 3953 875 4001 tbe
895 3956 986 4012 treaty,
1004 3956 1030 3999 to
1044 3952 1160 3999 continue

212 4027 251 4076 sor
261 4028 408 4086 correction,
420 4026 542 4086 probably
552 4030 578 4073 to
590 4026 621 4073 be
632 4040 676 4072 ex·
698 4023 738 4071 for
749 4028 800 4070 two
812 4036 885 4083 years
893 4020 955 4068 from
967 4021 1009 4069 the
1020 4020 1086 4068 feast
1096 4019 1125 4069 ol
1132 4021 1160 4069 S.

212 4096 324 4158 punged.
700 4093 788 4141 James
803 4092 846 4157 (25
858 4087 943 4152 July),
959 4105 1002 4138 are
1018 4089 1117 4149 printed
1134 4090 1160 4137 in

702 4163 803 4222 ltymer,
824 4162 842 4208 i.
862 4176 888 4220 p.
905 4163 964 4220 ⁴21³,
984 4158 1061 4209 dated
1080 4160 1161 4208 West·

248 4232 478 4290 'Quudumjbrma
498 4233 594 4295 pum]
622 4231 676 4280 'l'be
702 4231 944 4291 minatenduuebb.
