2978 4996
495 470 634 519 ruonus
658 468 927 519 ursronrnauu.
1113 455 1180 521 &25

229 633 348 691 nestus
374 636 409 692 et
427 629 610 710 religiosus
638 639 743 712 atque
770 630 805 692 in
835 629 911 710 lege
938 629 1056 693 divina
1082 630 1311 694 snffi-A·1>·¹²³⁵·

229 727 360 791 cienter
383 728 550 802 eruditus,
581 729 641 811 qui
671 729 762 810 apud
791 728 990 809 Radingum
1015 731 1059 791 ab
1084 730 1175 793 Ead-

226 826 366 903 mundo,
391 827 634 891 Cantuariensi
653 829 922 909 archiepiscopo,
947 848 1071 890 munus
1092 847 1175 892 con·

226 927 431 990 sectationis
463 926 616 1009 suscepit
648 927 752 992 tertio
783 947 893 990 nonas
921 926 943 989 J
948 927 1032 1002 unii,
1065 929 1174 991 recla-

226 1025 402 1089 mantibus
419 1026 596 1090 monachis
612 1026 919 1090 Cantuariensibus
940 1046 982 1088 ne
997 1026 1078 1089 alibi
1093 1046 1175 1090 con-

225 1132 420 1188 secraretur
452 1145 555 1207 quam
590 1127 624 1187 in
656 1126 801 1189 ecclesia
830 1124 1085 1200 Cantuariensi‚
1112 1127 1172 1190 sed

224 1221 260 1285 id
287 1224 424 1287 tandem
450 1224 524 1287 lieri
545 1224 608 1287 hac
632 1224 707 1288 vice
725 1224 966 1306 permiserunt,
989 1225 1040 1287 ita
1056 1233 1171 1289 tamen

225 1321 317 1402 quod
351 1343 420 1386 non
450 1324 493 1386 ad
523 1323 805 1387 consuetudinem
833 1323 876 1386 de
905 1332 1031 1387 caetero
1057 1325 1172 1389 trahe·

224 1428 332 1484 retur.
395 1421 464 1486 Per
494 1422 583 1485 idem
612 1432 760 1504 tempus,
790 1430 869 1504 post
896 1422 1171 1504 purificationem

221 1519 335 1584 beatae
351 1520 487 1598 Mariae,
511 1522 707 1586 concordati
730 1531 811 1586 sunt
827 1542 905 1585 cum
925 1542 1006 1603 rege
1028 1522 1171 1604 Stepha-

222 1637 289 1681 nus
323 1619 366 1683 de
397 1620 550 1703 Segrave
578 1629 613 1685 et
642 1621 817 1686 Robertus
849 1621 1056 1698 Passelewe,
1080 1620 1171 1685 datis

224 1717 317 1782 mille
334 1721 480 1799 marcis3
504 1739 567 1784 nec
588 1729 704 1784 tamen
727 1720 762 1783 in
779 1720 960 1801 pristinam
982 1722 1072 1800 regis
1090 1741 1171 1801 gra·

223 1816 307 1879 tiam
335 1826 417 1883 sunt
444 1819 584 1901 recepti.
646 1819 749 1883 Circa
774 1817 911 1881 eosdem
939 1818 1012 1881 dies
1042 1818 1169 1882 Heari-

220 1933 283 1979 cus
298 1917 341 1982 de
363 1918 539 1996 Sandfort,
563 1918 737 1983 Roffensis
758 1918 915 1993 antistes,
933 1917 1021 1979 diem
1046 1918 1171 1982 clausit

222 2022 416 2080 extremum
452 2025 554 2083 sexto
589 2017 756 2081 kalendas
790 2016 931 2093 Martii;
962 2024 1041 2096 post
1069 2016 1169 2098 cujus

221 2114 352 2180 obitum
381 2117 542 2180 monachi
561 2117 743 2181 Roffenses
764 2116 942 2197 elegerunt
965 2115 1167 2194 magistrum

221 2212 432 2278 Richardum
450 2210 509 2279 ¹de
526 2216 717 2293 Wendene,
729 2217 839 2280 virum
857 2216 892 2277 in
910 2214 1042 2277 liberali
1059 2214 1169 2277 scien·

220 2313 271 2376 tia
291 2316 486 2394 eruditum3
517 2317 577 2398 qui
603 2314 820 2388 Eadmnndo,
844 2314 1085 2378 cantuariensi
1113 2333 1169 2376 ar·

215 2412 447 2496 chiepiscopo,
463 2415 505 2478 ad
521 2415 721 2479 electionem
738 2413 1019 2487 confirmandam,
1040 2433 1062 2476 a
1081 2433 1168 2495 prae-

219 2513 300 2578 satis
331 2515 508 2578 monachis
540 2523 771 2596 praesentatus
800 2533 868 2576 non
892 2513 957 2575 t'uit
983 2513 1166 2590 admissus,

219 2613 310 2677 unde
333 2614 491 2678 monachi
517 2613 646 2677 domini
677 2633 777 2698 papae
803 2613 1019 2694 praesentiam
1048 2613 1167 2694 appel·

215 2714 343 2778 larunt.

231 2883 281 2948 De
294 2893 388 2948 morto
409 2883 559 2948 Willelmi
573 2881 693 2947 addatis
709 2891 737 2946 et
751 2881 788 2945 do
802 2878 983 2944 successione
996 2877 1031 2940 J.
1045 2876 1147 2939 sancti

481 2983 603 3049 Albani
619 2981 769 3066 [obbatis]
789 2995 903 3043 xxlll.

265 3108 396 3172 Eodem
413 3128 515 3184 anno,
534 3109 569 3171 in
585 3099 754 3171 ²crastino
772 3104 884 3168 sancti
901 3100 1061 3165 Matthiae
1080 3119 1162 3182 apo·
1177 3124 1314 3214 'leffium

215 3208 310 3284 stoli,
334 3209 419 3272 obiit
436 3207 643 3284 Willelmus,
667 3207 774 3269 abbas
803 3202 957 3268 ecclesiae
988 3201 1079 3265 beati
1099 3199 1163 3264 Al·
1177 3224 1327 3265 naniam..

214 3308 306 3384 bani,
328 3316 512 3389 postquam
536 3307 678 3370 eandem
701 3313 839 3368 rexerat
862 3303 1042 3367 ecclesiam
1064 3301 1164 3364 annis

213 3407 339 3488 viginti
365 3415 400 3471 et
425 3407 600 3470 mensibus
629 3407 699 3469 fere
723 3405 845 3479 tribuS,
869 3411 904 3466 et
928 3402 1085 3484 sepultus
1111 3410 1164 3464 est

213 3507 317 3569 tertio
335 3505 501 3570 kalendas
518 3506 638 3569 Martii
652 3506 687 3568 in
711 3504 864 3586 capitulo
885 3496 1162 3564 ³monachorum.

213 3605 349 3669 Deinde
365 3614 568 3681 conventus,
586 3605 772 3686 impetrata
794 3622 816 3665 a
840 3620 920 3681 rege
942 3598 1082 3662 licentia
1103 3598 1164 3659 ab·

247 3764 255 3794 ¹
267 3768 306 3816 De
322 3767 465 3831 Weodena]
488 3767 551 3816 ‘De
562 3761 675 3815 Weude'
701 3769 753 3812 toa
768 3777 825 3811 new
840 3760 956 3819 election,
971 3757 1021 3805 and
1036 3756 1090 3805 that
1101 3757 1108 3782 ‘
1119 3757 1162 3804 ob-

209 3839 236 3886 in
250 3838 280 3886 C.
700 3835 831 3882 tinuerunt
845 3830 920 3879 etiam
932 3827 1022 3876 iratres
1035 3841 1051 3874 a
1062 3825 1162 3874 domino

246 3941 381 3989 'crocino
403 3941 483 3990 ancli
512 3917 638 3989 Mactata.
662 3940 674 4004 ]
700 3898 1101 4023 ffiffiffimffltffl
1117 3894 1164 4012 (ἐξ.

208 4011 270 4061 m'
282 4012 458 4072 &februm
699 4043 780 4103 ceptis
801 4039 926 4089 eschaetis
954 4042 980 4085 ut
998 4035 1161 4084 ecclesiarum

245 4108 473 4181 'Monochorum.]
503 4113 579 4161 Paris
601 4112 675 4171 adds,
699 4111 886 4169 donationibus,
904 4123 920 4156 a
936 4107 978 4155 die
997 4107 1081 4154 obitus
1097 4119 1163 4166 prae·

209 4185 263 4233 tlrat
274 4185 345 4233 three
361 4184 451 4233 mouks
463 4198 530 4232 were
547 4183 606 4231 then
619 4182 761 4237 sent.dicti
782 4180 882 4229 abbatis
909 4192 990 4239 usque
1017 4178 1042 4225 in
1069 4189 1161 4224 aunum

209 4259 236 4303 to
247 4254 289 4304 the
301 4254 364 4316 king
381 4254 419 4303 ior
434 4254 506 4302 leave
521 4258 548 4302 to
564 4242 867 4314 proceed!comp1etum.’
