2978 4996
371 428 437 492 148
621 444 754 492 uocum
779 444 825 490 uu
849 443 1056 491 wunoovuu

210 619 265 658 ab
277 619 333 658 nn
371 599 484 677 Acon,
518 601 670 664 instante
706 601 794 664 festo
827 600 1062 681 apostolorum
1101 597 1252 661 Simonis
1284 603 1319 660 et

209 669 255 708 Tho
262 668 328 717 rar-ul

210 768 283 807 <nithe

208 817 303 857 uusade.

211 4068 296 4108 monn
262 4078 358 4118 mentor

212 4218 272 4257 back

208 718 276 758 ιιιιι
262 679 348 757 1’“ιιιιιι
372 699 394 762 J
399 700 487 776 udae
515 701 733 764 adstantibus
758 699 948 781 peregrinis
976 698 1148 773 omnibus,
1176 698 1235 760 ubi
1264 715 1320 758 so·

372 798 530 863 lemniter
551 806 604 862 est
624 800 842 880 imperatum,
863 804 902 859 ut
924 803 1041 860 essent
1060 814 1179 860 omnes
1204 795 1317 876 parati

372 899 408 960 in
424 898 575 962 crastino
592 897 754 960 Omnium
771 904 970 960 sanctorum
987 914 1108 959 versus
1122 894 1319 959 Caesaream

373 997 581 1078 prolecturi3
606 996 698 1078 quod
719 995 897 1059 audientes
918 996 1102 1076 peregrini,
1126 993 1185 1075 qui
1209 994 1321 1056 consi-

373 1095 457 1158 lium
483 1092 702 1177 ignorabant,
731 1094 823 1177 quod
852 1094 1025 1156 exercitus
1048 1099 1235 1156 tractatum
1259 1091 1320 1154 ha-

373 1196 481 1271 beret,
499 1195 643 1257 firmatis
661 1193 908 1257 munitionibus
928 1192 1115 1274 praedictis,
1135 1190 1170 1253 in
1190 1190 1319 1253 Hieru-

373 1295 480 1357 salem
512 1293 719 1375 procedeudi
748 1298 848 1355 tanta
874 1291 989 1354 subito
1015 1297 1114 1354 eraut
1139 1289 1322 1353 devotione

373 1392 541 1467 succensi,
563 1390 653 1472 quod
672 1392 915 1454 excitaverunt
937 1389 1056 1453 oculos
1078 1388 1121 1451 ad
1142 1388 1321 1452 abundan-

373 1490 457 1553 tiam
479 1489 745 1570 lachrymarum,
767 1496 807 1552 ut
824 1488 1006 1551 videbatur
1026 1487 1164 1551 cuilibet
1186 1507 1224 1551 se
1247 1486 1325 1569 Spi-

374 1587 461 1650 ritus
482 1587 601 1651 Sancti
627 1587 742 1668 gratia
766 1587 853 1650 adeo
876 1587 1085 1663 roboratum,
1112 1586 1203 1667 quod
1234 1604 1323 1648 uuus

375 1693 492 1768 posset
509 1686 614 1763 mille,
629 1694 664 1749 et
679 1686 748 1748 duo
765 1687 881 1749 decem
899 1685 1019 1761 millia,
1033 1704 1207 1766 superare.
1240 1682 1323 1748 Non

375 1785 483 1866 igitur
497 1791 645 1866 oportet,
663 1793 702 1848 ut
717 1785 893 1849 devotioni
910 1792 1035 1848 vestrae
1054 1782 1172 1846 mullis
1191 1784 1325 1865 suppli-

374 1885 569 1948 cationibus
582 1884 794 1961 insistamus,
811 1883 870 1946 ubi
886 1890 994 1947 tantae
1015 1883 1231 1946 necessitatis
1254 1883 1327 1946 evi-

375 1982 459 2046 dens
483 1984 650 2046 instautia
675 2003 738 2065 pro
762 2002 800 2046 se
826 1981 965 2059 clamat,
982 1982 1116 2063 sibique
1142 1982 1327 2045 subvenire

376 2082 532 2163 postulat
554 2082 721 2160 indilate3
744 2082 827 2163 quia
845 2100 943 2145 mora
969 2081 1013 2144 ad
1039 2100 1076 2144 se
1101 2080 1208 2143 trahit
1233 2081 1325 2162 peri·

376 2181 502 2257 culum,
532 2187 566 2242 et
598 2179 774 2244 festinatio
813 2181 998 2261 plurimum
1037 2180 1103 2243 erit
1133 2179 1323 2245 fructuosa.

377 2278 514 2342 Clamat
545 2285 659 2341 autem
693 2279 736 2341 ad
769 2279 926 2360 singulos
952 2279 1082 2344 Christi
1107 2279 1250 2360 sanguis
1281 2280 1325 2342 de

376 2383 491 2452 terra3
516 2377 689 2457 supplicat
706 2396 835 2459 parvus
854 2384 889 2441 et
905 2378 1043 2443 humilis
1058 2379 1244 2455 exercitus,
1263 2378 1324 2441 sed

376 2472 534 2551 devotus
554 2476 619 2538 sibi
641 2476 798 2539 celeriter
818 2478 1007 2553 subveniri,
1030 2495 1172 2559 sperans
1199 2478 1235 2539 in
1250 2478 1324 2541 Do·

375 2573 467 2636 mino
496 2581 530 2637 et
552 2575 739 2652 confidens,
762 2577 854 2657 quod
878 2578 1053 2657 negotium
1075 2575 1251 2639 humiliter
1272 2578 1324 2639 iu·

375 2672 536 2737 choatum
564 2674 686 2738 debeat
711 2674 787 2756 ipso
809 2675 1016 2740 concedente
1043 2675 1189 2738 feliciter
1208 2675 1321 2740 termi-

376 2775 460 2836 nari.
515 2772 677 2837 Universi
707 2773 814 2854 igitur
836 2783 872 2839 et
895 2776 1035 2856 singuli,
1063 2773 1122 2857 qui
1147 2773 1324 2837 Christum

375 2872 535 2936 induistis
558 2891 619 2954 per
638 2872 752 2949 fidem,
770 2873 915 2937 viriliter
930 2872 1150 2954 accingimini
1164 2873 1207 2935 ad
1223 2880 1326 2937 terrae

376 2979 505 3034 sanctae
523 2989 734 3046 succursum,
750 2990 827 3034 cum
843 2971 898 3034 hic
915 2991 1020 3035 causa
1035 2973 1224 3036 communis
1241 2991 1326 3054 aga-

376 3077 444 3143 tur,
468 3076 593 3132 vestrae
619 3069 751 3132 scilicet
768 3069 846 3133 fidei
867 3089 908 3132 ac
928 3072 1036 3135 totius
1058 3071 1177 3152 populi
1205 3070 1324 3135 Chris·

376 3167 473 3229 tiani.
520 3165 596 3228 Nos
616 3167 706 3229 enim
729 3169 937 3250 promotioni
959 3169 1063 3252 hujus
1086 3170 1227 3250 negotii,
1246 3191 1326 3252 pro-

374 3265 488 3326 visore
515 3263 665 3327 Domino
690 3274 727 3331 et
742 3275 894 3342 auctore,
920 3288 989 3331 uon
1014 3287 1188 3332 cessamus
1211 3269 1323 3334 inteu-

374 3361 466 3439 dere‚
504 3371 684 3444 sperantes
720 3365 935 3442 fiducialiter,
969 3368 1060 3448 quod
1095 3368 1132 3430 iu
1161 3370 1322 3432 manibus

374 3460 523 3524 fidelium
548 3463 695 3528 fideliter
718 3467 1008 3546 perseverantium
1031 3467 1155 3529 debeat
1181 3486 1324 3550 prospe-

375 3561 455 3625 rari.
502 3562 597 3625 Data
614 3562 789 3637 Laterani,
812 3561 944 3627 decimo
967 3563 1134 3628 kalendas
1152 3564 1325 3643 Jauuarii,

374 3661 597 3742 pontificatus
614 3662 723 3724 nostri
740 3680 831 3725 anuo
855 3663 987 3743 primo?

474 3832 619 3905 Qualiter
632 3835 784 3917 capotium
801 3842 890 3897 terre
905 3844 1018 3899 saneto
1027 3859 1091 3922 pro
1108 3837 1228 3922 desecto

587 3931 899 4016 imperotoriafuerit
915 3935 1046 4019 impedit
1046 3957 1108 4000 um.

359 4051 638 4134 Imperator
675 4062 790 4119 autem
831 4057 1070 4124 Romanorum
1111 4062 1326 4141 Fredericus‚

211 4118 345 4215 sarigim
303 4173 364 4207 ιιιιι
354 4147 434 4229 ιιμιί
457 4169 535 4212 cum
560 4152 636 4215 aliis
665 4174 766 4219 cruce
790 4157 936 4237 signatis
964 4160 1028 4222 sub
1052 4179 1159 4241 poena
1185 4182 1325 4227 excom·
