2978 4996
463 452 603 501 rwars
626 452 899 502 ursromnauu.
1091 439 1157 504 267

209 606 331 671 effusio
352 608 527 687 terribilis,
555 617 590 673 et
612 629 674 692 per
702 616 811 673 totam
835 606 1014 690 Angliam,
1030 608 1156 673 Walli·
1172 630 1293 673 naum

209 725 265 770 am
291 714 327 772 et
349 706 554 771 Hiberniam
578 709 792 790 perturbatio
820 708 1002 789 generalis.
1056 707 1158 772 Circa

209 805 299 869 idem
316 805 465 889 denique
478 814 627 888 tempus,
642 825 759 871 mense
772 805 795 870 J
799 808 893 883 unio,
909 807 945 869 in
963 814 1062 887 parte
1078 826 1159 871 aus-

210 904 291 968 trali
302 903 442 986 Angliae
457 906 523 969 visi
542 912 663 969 sunta
677 905 795 969 multis
815 925 915 969 secus
935 905 1040 968 maris
1059 905 1158 969 littus

208 1002 447 1067 immanissimi
464 1004 533 1067 duo
554 1004 721 1068 dracones
743 1005 780 1068 in
798 1023 877 1067 aere
897 1005 1051 1085 graviter
1073 1023 1159 1084 prae·

209 1100 349 1177 liautes,
372 1110 477 1185 atque
501 1109 581 1185 post
603 1101 770 1167 diutinam
792 1122 943 1184 pugnam
963 1121 1052 1165 unus
1075 1101 1159 1166 alte-

210 1218 285 1262 rum
312 1201 501 1282 superavit,
525 1208 560 1264 et
579 1200 737 1282 fugatum
761 1219 869 1282 usque
893 1202 929 1264 in
950 1200 1159 1282 profundum

212 1298 329 1381 abyssi
345 1299 521 1364 insecutus
538 1307 603 1384 est,
618 1319 682 1364 nec
697 1300 848 1382 amplius
863 1300 929 1364 visi
945 1299 1095 1365 fuerunt.

380 1470 430 1534 De
444 1468 613 1535 cassatione
631 1468 865 1534 Caatrmriearis
882 1468 978 1535 ehcti.

256 1592 327 1656 Per
338 1593 428 1657 idem
444 1600 581 1675 tempus
597 1600 755 1656 cassatus
772 1599 826 1655 est
842 1594 1008 1673 magister
1024 1590 1048 1655 J
1050 1592 1159 1656 ohan·
1171 1612 1217 1701 iii
1219 1612 1285 1712 offii'

210 1711 284 1768 nes,
295 1699 523 1772 cognomento
541 1690 710 1766 BlunduS,
727 1690 987 1754 Cantuariensis
1002 1685 1157 1755 ¹electus.
1171 1712 1300 1761 maternus

212 1789 441 1872 Divulgatum
458 1790 596 1871 quidem
611 1797 686 1854 erat
702 1788 837 1864 Romae,
862 1789 952 1869 quod
975 1798 1054 1870 post
1071 1790 1160 1854 elec·
1171 1762 1323 1861 iiiii&

212 1888 339 1953 tionem
361 1907 461 1952 suam
483 1895 665 1970 acceperat
687 1906 733 1950 ex
754 1887 845 1949 dono
863 1886 971 1962 Petri,
984 1887 1161 1952 Wintoni-

212 1988 305 2052 ensis
319 1988 483 2070 episcopi,
499 1987 593 2050 mille
607 2004 741 2048 marcas
764 1984 912 2066 argenti,
932 1992 1059 2066 praeter
1074 1985 1161 2050 alias

210 2086 304 2149 mille
317 2105 464 2162 marcas,
481 2104 569 2167 quas
592 2085 699 2149 eidem
718 2082 871 2147 Johanni
895 2083 1099 2160 crediderat,
1122 2093 1162 2148 ut

212 2192 483 2266 promoveretur,
501 2184 591 2247 uude
608 2191 745 2248 constat
762 2182 955 2258 manifeste,
978 2182 1076 2265 quod.
1091 2202 1161 2245 ma-

212 2283 267 2365 gis
286 2284 318 2347 ei
337 2284 456 2347 nocuit
483 2302 588 2364 quam
612 2282 741 2363 profuit
766 2280 982 2346 familiaritas
1008 2281 1161 2363 episcopi

211 2383 417 2460 memorati;
456 2381 634 2446 confessus
677 2388 846 2462 praeterea
883 2380 1007 2444 Romae
1049 2380 1163 2444 suerat

212 2478 302 2544 idem
332 2479 524 2558 Johannes,
558 2486 598 2544 ut
628 2479 762 2555 dicitur,
794 2478 886 2560 quod
913 2479 982 2542 duo
1013 2479 1163 2545 habebat

212 2578 391 2655 beneficia,
426 2579 551 2661 quibus
583 2596 667 2640 cura
695 2596 834 2641 annexa
860 2576 926 2640 fuit
958 2578 1163 2654 animarum,

213 2686 337 2741 contra
357 2683 493 2741 statuta
517 2676 655 2740 concilii
675 2674 859 2756 generalis,
882 2694 952 2758 qua
971 2694 1161 2758 praesump-

213 2775 308 2840 tione
337 2774 488 2839 creditur
517 2775 734 2856 reprobatus.
786 2773 853 2837 Sed
888 2773 1061 2853 quoniam,
1086 2774 1161 2855 jam

213 2873 361 2939 cassatis
397 2873 507 2937 tribus
545 2872 700 2937 ecclcsiae
735 2871 996 2936 Cantauriensis
1030 2871 1162 2950 electis,

213 2971 362 3053 praefata
376 2971 442 3037 fuit
458 2971 518 3035 diu
540 2971 686 3035 ecclesia
700 2990 722 3034 a
738 2976 877 3052 pastore
892 2969 1046 3045 viduata,
1068 2969 1163 3035 dedit

214 3069 404 3146 monachis,
428 3071 492 3152 qui>
511 3088 590 3133 cum
608 3070 718 3133 electo
742 3077 880 3133 cassato
901 3076 1079 3145 venerant,
1101 3089 1163 3151 po-

213 3175 374 3234 testatem
402 3167 551 3250 eligendi
576 3169 779 3249 magistrum
806 3161 1078 3246 'Eadmundum
1105 3187 1161 3232 ec·

214 3267 329 3332 clesiaa
343 3266 604 3331 saresbiriensis
621 3267 836 3343 canonicum,
849 3267 885 3329 in
903 3275 1077 3349 pastorem
1090 3269 1163 3332 aui·

213 3384 347 3430 marum
376 3384 541 3444 suarum3
572 3367 628 3430 cui
653 3366 758 3430 etiam
785 3367 928 3447 pallium
958 3368 1161 3443 transmisit,

185 3520 189 3526 ,
214 3483 258 3530 na
285 3471 385 3529 tanta
409 3464 508 3529 sedes
538 3464 803 3546 metropolitana
830 3484 852 3528 a
874 3473 1013 3548 pastore
1033 3466 1162 3530 diutius

212 3562 448 3629 frustraretur.
489 3563 653 3628 Monachi
670 3583 752 3628 vero
767 3583 830 3628 nec
844 3565 958 3646 ipsum
974 3584 1037 3630 nec
1055 3565 1161 3648 alium

212 3662 413 3743 quemlibet,
440 3663 506 3726 nisi
534 3663 576 3727 de
604 3682 774 3727 consensu
803 3669 995 3726 conventus
1016 3662 1082 3738 sui,
1109 3682 1162 3725 re-

211 3760 327 3842 cipere
343 3760 580 3826 decreverunt.

247 3953 386 4023 Ἥκω]
406 3958 454 4009 See
471 3960 561 4024 above,
580 3963 673 4022 pm,
700 3958 783 4008 called
807 3958 871 4008 from
900 3956 942 4006 the
970 3958 1042 4018 place
1070 3958 1100 4006 oi
1122 3959 1163 4008 his

112 4054 114 4060 ι
211 4030 275 4077 note.
699 4027 792 4089 buriai,
830 4027 979 4077 summus
1016 4029 1162 4078 canonizati.

247 4092 674 4161 'Ecdmundum.]EdmundRiche,
702 4098 743 4146 He
759 4111 815 4146 was
829 4097 871 4146 the
884 4097 974 4146 euthor
990 4096 1020 4146 oi
1032 4096 1074 4147 the
1085 4100 1092 4125 ‘
1103 4099 1165 4161 Spe·

210 4165 240 4215 oi
264 4167 414 4229 Pouuteney
435 4183 464 4216 or
487 4168 625 4231 Pontiguy,
647 4181 675 4217 so
701 4168 786 4218 culum
799 4161 939 4218 Ecclesia!
