2978 4996
467 470 607 520 vienus
635 471 905 522 nisroumnun.
1095 455 1162 521 253

208 629 244 692 in
261 629 338 714 ejus
355 631 541 711 praesentia
559 629 688 693 laceret
705 631 924 694 mentionem.
959 630 1025 694 Sed
1045 639 1160 694 tamen
1176 642 1289 683 lav-¹²³²

210 728 337 805 Lucas,
360 729 640 812 archiepiscopus
658 729 896 806 Dublinensis,
912 731 971 811 qui
990 731 1111 794 unicus
1130 732 1160 793 ei

208 836 285 893 erat
306 829 450 905 amicus,
474 829 547 909 regi
571 848 635 910 pro
663 848 703 891 eo
728 848 806 891 cnm
832 829 1018 912 lachrymis
1048 830 1161 892 inces-

208 934 327 992 santer
346 928 578 1010 supplicabat,
602 936 640 991 ut
661 929 784 990 saltem
811 928 893 1010 quid
918 929 983 991 sibi
1007 928 1161 1010 placeret

208 1026 253 1090 de
276 1026 437 1090 Huberto
464 1027 576 1090 facere
605 1027 808 1106 intimaret3
842 1028 898 1090 cui
935 1047 996 1090 rex
1021 1047 1163 1108 respon-

209 1125 303 1189 disse
324 1126 446 1203 fertur,
468 1133 508 1189 ut
529 1145 574 1188 ex
599 1127 716 1189 multis
742 1126 885 1207 eligeret
906 1145 1027 1202 unum,
1046 1126 1101 1189 vel
1124 1121 1167 1188 in'

211 1232 378 1289 aeternum
398 1223 563 1305 Angliam
590 1224 763 1308 abjurare,
782 1225 835 1288 vel
863 1234 1065 1307 perpetuum
1085 1245 1161 1289 car-

211 1343 323 1388 cerem
347 1323 474 1401 subire,
490 1324 546 1388 vel
564 1325 679 1406 palam
704 1344 741 1388 se
759 1344 834 1388 esse
853 1326 1063 1406 proditorem
1082 1344 1163 1387 con·

211 1423 314 1500 litori,
334 1423 387 1487 vel
402 1442 439 1487 se
455 1424 491 1486 in
507 1425 599 1503 regis
621 1444 748 1505 ponere
765 1424 954 1487 voluntate.
1009 1423 1063 1487 Ad
1088 1423 1162 1487 haec

212 1522 390 1606 respondit
408 1522 600 1599 Hubertus,
622 1523 712 1605 quod
731 1523 862 1586 nullum
881 1524 1003 1587 horum
1020 1524 1162 1604 eligeret

212 1622 448 1699 articulorum,
469 1623 588 1704 utqui
611 1622 791 1686 consilium
815 1625 905 1704 regis
932 1624 1033 1686 nimis
1057 1624 1161 1686 babe-

213 1721 274 1785 bat
291 1729 502 1803 suspectum,
518 1722 601 1803 quia
623 1721 708 1784 nihil
730 1741 768 1784 se
785 1722 906 1785 secisse
926 1723 1047 1786 recolit
1064 1731 1162 1787 tanta

211 1820 413 1884 confusione
433 1820 595 1902 dignum3
621 1829 857 1897 veruntamen,
882 1828 920 1883 ut
938 1820 1077 1885 domino
1099 1842 1162 1884 suo

213 1920 287 2001 regi
297 1920 504 1995 satisfaciat,
519 1920 665 1983 libenter
677 1920 720 1982 ad
735 1928 800 1983 tem
805 1938 870 2001 pus
884 1920 995 1983 exiret
1008 1939 1029 1982 a
1043 1940 1162 2000 regno,

213 2018 274 2082 sed
290 2018 376 2082 illud
395 2039 463 2082 non
480 2019 664 2101 abjurabit.
714 2019 917 2082 Morabatur
934 2025 1048 2081 autem
1066 2027 1162 2099 post-

212 2137 255 2182 ea
275 2117 454 2182 Hubertus
476 2119 511 2180 in
531 2119 665 2200 capella
680 2118 827 2200 praefata
850 2117 967 2180 multis
986 2117 1106 2181 diebus
1128 2126 1163 2181 et

214 2218 374 2281 noctibus
399 2219 560 2280 obsessus
584 2236 662 2280 cum
684 2219 816 2281 duobus
841 2218 1083 2293 servientibus
1104 2218 1162 2299 qui

213 2315 246 2379 ei
262 2316 429 2380 victualia
451 2316 704 2392 ministrabant,
724 2317 832 2380 donec
852 2337 896 2380 ex
916 2325 1090 2399 praecepto
1114 2337 1163 2380 re-

214 2415 269 2496 gis
298 2417 478 2479 subtracta
507 2417 539 2478 ei
565 2415 704 2479 fuerunt
730 2418 846 2480 omnia
872 2418 1078 2481 cibariorum
1101 2437 1160 2498 ge-

214 2532 298 2579 nera
320 2521 355 2579 et
373 2516 562 2579 servientes
585 2516 661 2597 ejus
681 2515 723 2578 de
743 2515 876 2597 capella
898 2516 1009 2599 ejecti.
1062 2516 1303 2629 Tussssffifffilssff

216 2611 428 2678 Hubertus
418 2635 454 2676 ru
478 2622 574 2677 arcto
592 2615 736 2696 positus,
755 2635 832 2679 cum
853 2615 942 2678 fame
965 2616 1076 2697 perire
1098 2617 1162 2678 sibi
1176 2628 1312 2669 inermum.

215 2719 317 2796 turpe
332 2713 516 2789 videretur,
534 2722 659 2795 sponte
675 2714 717 2776 de
733 2713 868 2796 capella
883 2715 1004 2790 exivit,
1019 2714 1163 2776 ollerens

214 2830 252 2875 se
277 2813 550 2889 vicecomitibus,
577 2814 636 2894 qui
665 2813 760 2875 illum
789 2813 1044 2890 observabant3
1075 2813 1164 2875 dixit

215 2910 319 2988 enim,
342 2930 380 2974 se
401 2913 519 2993 potius
538 2912 627 2975 velle
650 2913 742 2992 regis
768 2912 1036 2974 misericordiam
1060 2931 1165 2992 expe·

216 3009 288 3088 riri,
303 3029 407 3093 qnam
425 3011 516 3074 same
531 3011 735 3074 detestanda
753 3011 873 3092 perire.
928 3010 1027 3072 Tunc
1046 3010 1164 3073 vincu-

215 3108 258 3172 lis
285 3111 489 3173 arctioribus
517 3111 799 3174 constrinxerunt
827 3110 924 3173 illum
948 3111 1165 3173 vicecomites

216 3227 309 3291 saepe
333 3209 416 3272 dicti
442 3219 477 3274 et
505 3229 594 3290 equo
622 3211 719 3272 illum
747 3210 962 3291 imponentes
991 3210 1166 3273 duxerunt

216 3307 259 3371 ad
288 3309 406 3372 urbem
435 3308 706 3386 Londoniarum,
729 3310 799 3383 ubi,
824 3330 905 3391 rege
924 3311 1081 3393 jubente,
1101 3310 1165 3372 sub

216 3413 314 3471 arcta
349 3407 507 3472 custodia
540 3408 728 3490 deputatur
763 3410 798 3471 in
829 3410 916 3472 turri
946 3410 1165 3492 compedibus

216 3507 447 3589 mancipatus.

259 3680 309 3744 Da
321 3681 493 3745 collectione
508 3681 748 3766 qaudropoeimae
764 3700 868 3743 reram
885 3676 1043 3741 mobilium
1060 3678 1125 3760 rapi

591 3800 807 3844 camararum

268 3898 496 3981 ‘Henricus,¹
518 3904 586 3968 Dei
610 3905 724 3986 gratia
747 3921 808 3966 rex
832 3900 1039 3981 Anglorum,
1063 3898 1169 3962 Petro
1182 3919 1246 4009 3¹1¹ng
1246 3920 1292 4017 ἷζε

1182 4020 1286 4110 31¹ngbe
1281 4031 1310 4108 2.

257 4100 421 4169 'Hearieuu.]
437 4106 500 4154 This
517 4107 610 4155 wiltis
627 4106 682 4155 also
709 4104 846 4154 eonion.
854 4102 907 4152 111.
916 4118 950 4152 m.
959 4103 1053 4151 More.
1062 4100 1170 4162 Tyrrell,

218 4188 287 4236 upon
307 4176 396 4224 record
415 4177 440 4224 in
460 4176 503 4225 the
526 4176 627 4240 Tower,
649 4177 681 4226 R.
709 4176 736 4225 ii.
747 4190 774 4236 p.
785 4178 842 4223 877.
