2978 4996
210 623 264 661 M).
275 622 332 661 ms.

209 671 260 709 ‘run

209 772 247 809 the
254 770 325 820 pqr's

209 822 294 860 nuncio.

370 430 438 495 2⁰2
631 441 766 503 noorai
790 441 838 488 ns
860 440 1069 490 wunnerus

371 601 594 664 ecclesiarum
615 598 671 661 vel
693 598 840 660 aliarum
862 599 1134 680 possessionum,
1157 619 1328 682 quocum·

207 682 333 767 cresim
371 719 439 781 qne
474 700 613 763 nomine
644 707 862 772 censeantur,
889 717 960 760 non
989 698 1165 780 aliquibus
1197 699 1327 763 debitis

371 798 427 861 vel
443 798 607 880 expensis
627 795 747 878 aliqua
767 796 949 859 occasione
969 795 1140 860 deductis.
1186 796 1326 863 Habuit

370 899 476 961 etiam
499 917 544 960 ex
567 894 694 959 eisdem
721 894 831 958 literis
857 896 1103 960 auctoritatem
1128 897 1325 960 contradic·

372 1005 464 1061 tores
483 993 802 1059 excommunicandi
824 1000 861 1056 et
883 993 1048 1057 ecclesias
1069 994 1323 1074 interdicendi3

370 1096 473 1171 unde,
501 1093 700 1158 constitutis
718 1093 1000 1173 procuratoribus
1022 1094 1096 1156 suis
1114 1095 1151 1156 in
1173 1095 1324 1175 singulis

370 1194 591 1257 comitatibus
620 1191 730 1272 regni,
751 1210 871 1254 omnes
891 1190 970 1254 illos
993 1194 1323 1271 excommunicavit,

371 1295 431 1374 qni
446 1294 538 1356 circa
550 1291 701 1354 decimas
718 1290 812 1371 ipsas
832 1288 1024 1353 reddendas
1035 1290 1090 1353 vel
1103 1293 1321 1355 taxationem

370 1390 561 1454 faciendam
586 1408 648 1471 per
666 1407 717 1463 se,
734 1387 789 1450 vel
806 1408 869 1470 per
880 1388 999 1464 ulium,
1020 1389 1219 1464 colludium,
1238 1410 1323 1472 pae-

371 1497 443 1551 tum
459 1489 626 1569 iniquum,
640 1487 912 1550 subtractionem
928 1488 983 1550 vel
995 1487 1150 1551 fraudem
1166 1487 1322 1571 aliquam

370 1587 533 1649 duxerint
548 1584 752 1648 faciendam.
793 1585 852 1662 Et,
873 1588 1039 1669 quoniam
1058 1587 1237 1667 negotium
1254 1587 1322 1650 fes-

372 1687 481 1749 tinum
506 1684 669 1766 exigebat
697 1683 879 1759 auxilium,
910 1684 1065 1766 praelatis
1095 1685 1256 1749 omnibus
1286 1695 1323 1750 et

373 1883 427 1946 vel
450 1891 582 1959 mutuo,
598 1883 654 1947 rel
676 1881 746 1944 ulio
763 1899 982 1963 quocumque
1003 1881 1117 1958 modo,
1139 1884 1322 1964 pecuniam

372 1984 596 2065 perquisitam
622 1981 688 2045 sibi
712 1978 889 2042 traderent
912 1978 1069 2056 indilate,
1094 1988 1134 2043 ut
1155 1999 1233 2043 earn
1260 1982 1324 2046 do·

372 2082 466 2145 mino
490 2100 591 2163 papae
620 2078 848 2143 incontinenti
869 2079 1154 2154 transmitterent,
1176 2079 1323 2144 eandem

373 2180 602 2261 postmodum,
618 2177 760 2240 decimis
773 2177 988 2259 singulorum
1005 2179 1072 2241 rite
1086 2179 1230 2255 matis,
1249 2180 1323 2261 ple·

373 2279 469 2340 narie
498 2276 681 2358 recepturi.
743 2273 830 2338 Erat
853 2277 945 2338 enim
969 2276 1060 2339 idem
1087 2296 1181 2359 papa
1210 2285 1264 2341 tot
1286 2287 1322 2344 et

374 2376 481 2439 tantis
504 2374 681 2438 involutus
704 2373 842 2451 debitis,
864 2381 916 2451 ut,
931 2375 1023 2438 unde
1042 2374 1200 2439 bellicam
1215 2395 1321 2458 qnam

372 2481 572 2556 susceperat
591 2473 846 2555 expeditionem
860 2475 1059 2549 sustineret,
1071 2475 1211 2555 penitus
1224 2476 1322 2556 igno

372 2580 475 2636 raret.
532 2573 579 2637 Et
606 2573 657 2636 sic
690 2572 805 2636 soluto
836 2572 994 2650 concilio,
1026 2575 1321 2639 murmurantibus

372 2672 519 2750 cunetis,
541 2677 768 2736 recesserunt.

442 2842 657 2907 Baesadine
669 2840 860 2926 pravissimo
876 2840 1035 2906 delorem
1049 2842 1249 2910 deonorum.

245 2985 360 3036 agema·
436 2965 494 3041 Et,
522 2965 576 3027 bis
602 2965 654 3026 ita
675 2964 795 3044 gestis,
825 2964 920 3028 misit
944 2966 1172 3031 incontinenti
1202 2968 1321 3036 literas

211 3047 224 3075 ⁶
272 3047 332 3125 ‚⁰¹²⁰
372 3083 454 3127 suas
472 3063 637 3144 magister
660 3061 855 3143 Stephanus
879 3063 922 3125 ad
946 3064 1103 3146 singulos
1128 3067 1321 3152 episcopos,

373 3164 529 3237 abbates,
551 3160 682 3241 priores
707 3168 743 3224 et
757 3161 1006 3245 cujuscumque
1031 3164 1255 3246 professionis
1271 3168 1322 3233 vi-

373 3279 429 3322 ros
453 3259 633 3340 religiosos
656 3261 767 3340 regni,
787 3262 851 3324 snb
875 3280 980 3343 poena
1002 3263 1177 3328 interdicti
1197 3274 1234 3330 et
1257 3288 1319 3332 ex·

373 3357 692 3422 communicationis
718 3360 934 3442 praecipiens,
962 3368 1002 3425 nt
1023 3362 1087 3425 tali
1108 3363 1163 3427 die
1185 3372 1319 3431 tantam

373 3457 527 3539 pecuniae
549 3476 719 3520 summam
741 3457 807 3522 sibi
829 3461 1103 3524 transmitterent
1117 3461 1160 3525 de
1179 3475 1320 3530 moneta

373 3557 416 3620 ad
440 3556 575 3638 pondus
604 3554 735 3619 denarii
771 3558 917 3639 probata
939 3566 975 3622 et
1001 3578 1113 3640 nuper
1139 3560 1319 3641 fabricata,

373 3665 413 3719 ut
444 3656 523 3720 inde
561 3654 788 3719 creditoribus
821 3657 951 3720 domini
984 3676 1086 3739 papae
1120 3660 1320 3728 satisfacere

373 3765 491 3836 posset
513 3763 548 3818 et
570 3755 637 3837 ipsi
664 3773 785 3836 poenas
815 3756 1001 3820 evaderent
1026 3755 1221 3839 interdieti3
1244 3770 1320 3826 erat

372 3856 461 3917 enim
479 3856 514 3918 in
533 3854 639 3936 hujus
656 3854 705 3917 rei
723 3856 945 3919 exsecutione
962 3855 1049 3919 adeo
1069 3856 1246 3938 improbus
1259 3882 1321 3925 ex·

372 3962 481 4030 actor,
501 3961 540 4016 ut
555 3953 660 4016 etiam
684 3952 727 4016 de
749 3953 906 4035 frugibus
924 3955 1079 4019 autumni
1101 3955 1318 4042 futurique

371 4053 482 4115 adbuc
504 4053 539 4115 in
561 4052 668 4114 herba
692 4054 903 4129 crescebant,
925 4054 1081 4137 singulos
1098 4058 1319 4138 compelleret

370 4150 580 4214 decimarum
596 4152 661 4215 sibi
679 4151 827 4234 pretium
843 4153 1015 4218 exhibere.
1070 4154 1215 4221 Praelati
1226 4178 1319 4236 vero,
