2978 4996
420 434 485 497 118
679 448 813 497 noorai
838 449 886 496 nr
908 448 1117 499 wranovua

260 622 384 663 rnmr.
422 607 588 688 magister
622 605 729 683 Otho,
762 604 893 669 domini
927 623 1029 688 papae
1063 604 1218 682 nuntius,
1251 613 1374 687 petens

423 726 468 770 ex
490 714 590 788 parte
615 703 770 788 ejusdem
794 723 895 788 papae
916 712 966 780 ut,
985 705 1146 768 Falcasio
1168 704 1234 768 sibi
1255 724 1377 770 recon-

423 805 552 881 ciliato,
569 824 725 881 uxorem,
743 812 867 881 terras,
883 803 1120 887 possessiones
1138 803 1183 866 ad
1199 803 1373 886 integrum

424 905 455 969 ei
493 913 528 969 et
558 923 677 967 omnes
713 903 871 969 redderet
900 923 955 967 res
995 902 1180 982 sublatas3
1221 904 1278 967 cui
1312 924 1375 968 rex

425 1003 615 1088 respondit,
638 1003 730 1086 quod
758 1004 803 1068 ob
829 1002 1060 1085 proditionem
1089 1003 1306 1065 manifestam
1331 1004 1376 1066 ab

425 1104 520 1168 omni
547 1104 639 1167 clero
668 1110 703 1166 et
726 1102 855 1185 populo
882 1103 979 1184 regni
1007 1103 1050 1165 ab
1074 1100 1206 1182 Anglia
1236 1110 1376 1166 senten-

426 1203 556 1268 tialiter
575 1210 630 1266 est
645 1202 813 1283 expulsus
834 1208 1001 1284 perpetuo
1019 1201 1162 1264 exilium
1185 1201 1377 1279 subiturus,

427 1320 530 1384 quam
555 1302 762 1364 sententiam
793 1320 862 1365 non
889 1302 1016 1383 potuit,
1041 1299 1109 1364 nisi
1131 1299 1237 1363 vellet
1259 1302 1377 1365 venire

426 1409 550 1464 contra
571 1400 668 1480 regni
694 1399 857 1482 antiquas
881 1400 1161 1475 consuetudines,
1189 1398 1377 1463 infirmare.

429 1498 519 1561 Hoec
544 1518 621 1561 cum
651 1499 806 1562 audisset
830 1498 996 1580 magister
1021 1499 1116 1562 Otho
1142 1517 1258 1579 regem
1287 1499 1377 1563 ulte·

428 1598 500 1660 rius
526 1597 713 1661 sollicitare
737 1599 900 1676 cessavit,
925 1605 972 1675 et,
988 1597 1041 1662 his
1063 1599 1113 1662 ita
1135 1599 1257 1679 gestis,
1284 1599 1379 1663 misit

427 1695 517 1761 idem
552 1695 646 1760 Otho
682 1697 816 1761 litteras
855 1716 938 1761 suas
972 1699 1016 1761 ad
1055 1716 1174 1761 omnes
1212 1697 1378 1762 ecclesias

427 1793 643 1859 cathedrales
664 1816 726 1878 per
744 1796 908 1879 Angliam
933 1797 1007 1862 sive
1027 1797 1288 1872 conventuales,
1305 1798 1380 1861 exi-

429 1914 515 1977 gens
536 1897 796 1978 procurationes
819 1896 954 1960 debitas
976 1897 1107 1960 nuntiis
1131 1896 1314 1973 Romanis,
1330 1896 1380 1960 ita

429 1995 521 2077 quod
540 1996 636 2060 nulla
657 1997 852 2076 procuratio
869 2014 1049 2059 numerum
1071 1994 1304 2079 quadraginta
1318 2015 1380 2059 ex-

428 2094 565 2158 cederet
586 2094 782 2158 solidorum.

495 2268 544 2329 De
557 2265 684 2328 coneilio
699 2265 903 2343 Bituricus-i,
917 2266 970 2330 rui
980 2265 1126 2350 precedit
1143 2267 1316 2342 Romanus,

740 2365 939 2428 Francorum
953 2364 1079 2450 lopottm

362 2510 375 2538 ο
483 2487 563 2551 Hoc
585 2488 705 2552 eodem
729 2496 883 2571 ternpore
901 2488 997 2552 venit
1019 2488 1185 2568 magister
1201 2487 1382 2552 Romanus

352 2560 369 2588 ²
430 2586 475 2650 ad
498 2595 615 2669 partes
637 2587 839 2652 Gallicanas
861 2588 1041 2651 adomino
1064 2604 1156 2670 papa
1181 2588 1320 2664 missus,
1342 2594 1381 2650 ut

430 2687 479 2751 ibi
501 2687 687 2770 legationis
716 2686 828 2752 officio
850 2687 1075 2768 fungeretur3
1108 2704 1177 2767 quo
1202 2706 1282 2750 cum
1306 2706 1382 2769 per-

432 2789 595 2865 venisset,
617 2788 699 2852 fecit
713 2805 905 2852 convocare
927 2805 1042 2867 regom
1065 2785 1276 2850 Francorum
1303 2805 1380 2849 cum

431 2887 712 2970 archiepiscopis,
741 2887 912 2968 episcopis
941 2892 977 2949 et
1000 2885 1092 2949 clero
1122 2883 1306 2948 Gallicano
1337 2886 1381 2948 ad

432 2988 627 3064 concilium,
649 3006 727 3050 cum
750 2986 874 3049 comite
892 2984 1105 3060 Tholosono,
1128 3003 1192 3065 pro
1214 3003 1284 3066 quo
1306 3003 1384 3066 spo·

432 3086 566 3148 cialiter
592 3086 636 3148 ad
664 3093 781 3166 partes
809 3085 887 3148 illas
912 3083 1038 3146 missus
1064 3083 1189 3160 luerat,
1212 3085 1304 3146 sicut
1329 3103 1383 3147 se-

432 3203 542 3264 quens
554 3184 676 3247 relatio
691 3184 891 3249 declarabit.
937 3177 1201 3246 ¹Conveuerunt
1216 3183 1326 3264 igitur
1340 3181 1383 3247 ad

433 3283 624 3345 Bituricam
650 3284 826 3348 civitatem
849 3283 892 3346 ad
914 3282 1096 3346 concilium
1118 3281 1384 3363 Lugdoniensis,

433 3380 627 3458 Remensis,
643 3382 946 3464 Rothomagensi5‚
964 3380 1212 3457 Thuronensis,
1229 3381 1384 3445 Bithuri-

432 3480 556 3557 censis,
586 3480 823 3546 Auxianensis
857 3480 1117 3562 archiepiscopi,
1145 3480 1384 3562 Burdogalen-

432 3580 480 3643 sis
496 3600 578 3644 vero
603 3581 726 3645 Romae
750 3582 815 3644 fuit
837 3588 873 3644 et
889 3580 1128 3644 Narbonensis
1152 3579 1300 3643 ecclesia
1322 3599 1383 3644 va·

431 3681 544 3744 cahat.
597 3680 842 3744 Convenerunt
856 3680 964 3760 igitur
980 3698 1103 3743 novem
1129 3679 1385 3760 provinciarum

432 3779 641 3860 suffraganei
674 3779 811 3843 circiter
843 3786 993 3854 centum,
1027 3797 1104 3840 cum
1137 3779 1321 3841 abhatibus
1350 3786 1387 3842 et

468 3990 895 4065 ¹Conoerrertrst.]CompareGestu
920 3998 964 4060 ing
981 4002 1007 4047 to
1027 3999 1069 4048 tho
1085 3998 1176 4048 author
1189 3998 1218 4048 oi
1232 3999 1275 4048 the
1293 4000 1388 4050 Chron.

434 4067 739 4117 Lndov.Vlll.lleo.der
750 4068 819 4118 illst.
831 4068 894 4117 xvii.
919 4068 1059 4118 Turonens.
1077 4068 1209 4129 Martene3
1227 4070 1314 4132 Ampl.
1328 4069 1389 4121 Gol-

432 4148 458 4198 p.
469 4141 526 4186 809.
562 4137 587 4184 It
595 4151 650 4185 was
662 4137 720 4185 held
732 4152 764 4185 on
776 4136 818 4186 the
830 4138 894 4186 feast
921 4138 980 4188 lect.
991 4142 1051 4188 tom.
1060 4153 1086 4188 r.
1095 4139 1144 4188 col.
1158 4142 1230 4189 1067.

431 4205 460 4253 oi
469 4208 495 4255 S.
508 4205 618 4255 Andrew
631 4206 677 4271 (³0
687 4201 779 4273 Nov.),
791 4207 894 4257 accord-
