2978 4996
366 428 432 494 168
623 439 756 488 nocam
782 439 829 486 nn
852 438 1059 487 wnunovnn

205 628 329 670 anun.
367 599 469 662 cedit.
511 595 789 679 Adhucquoque
805 594 958 658 Thomas
973 594 1172 676 praedictus,
1187 598 1244 660 vel
1260 617 1320 679 po·

369 699 437 761 tius
460 698 647 780 imperator
664 715 725 778 per
746 696 872 776 ipsum,
898 694 1083 776 praedictas
1109 692 1231 759 domos
1256 696 1320 759 im·

369 797 505 859 manius
532 812 741 878 persequens
768 795 863 876 ipsas
893 793 1052 856 domibus
1076 801 1112 858 et
1130 795 1320 876 possessio-

371 896 483 972 nibus,
505 914 592 977 quas
615 894 802 969 habebant,
816 893 852 956 vi
873 893 1014 955 arctiori
1037 912 1098 974 per
1119 892 1320 958 violentiam

370 995 545 1077 spoliavit,
568 1012 695 1074 easque
715 990 905 1074 privilegiis
922 992 1122 1072 apostolicae
1144 992 1237 1056 sedis
1253 995 1321 1076 pri-

371 1112 454 1158 vare
476 1092 686 1156 contendens
714 1099 750 1154 et
771 1090 940 1172 imperiali
967 1090 1137 1173 subjicere
1158 1092 1322 1175 jurisdic-

370 1193 457 1257 tioni
481 1192 615 1269 nititur,
637 1191 674 1254 in
692 1188 911 1253 manifestam
933 1191 1192 1255 subversionem
1213 1193 1322 1256 eccle-

371 1291 521 1355 siasticae
552 1290 743 1368 libertatis3
775 1296 912 1352 centum
938 1288 1075 1353 sclavos
1095 1291 1212 1367 etiam,
1235 1311 1322 1374 quos

371 1391 493 1455 domus
518 1388 715 1472 Hospitalis
735 1396 770 1452 et
786 1386 923 1470 Templi
947 1387 1121 1453 habebant
1147 1390 1184 1452 in
1205 1390 1324 1455 Sicilia

373 1497 408 1551 et
427 1487 567 1569 Apulia,
584 1488 701 1567 colligi
722 1486 852 1549 faciens
875 1504 934 1550 eos
957 1487 1104 1551 reddidit
1128 1487 1322 1567 Saracenis,

372 1586 469 1650 nulla
485 1586 610 1649 exinde
631 1586 948 1667 recompensatione
970 1584 1063 1651 lacta
1085 1585 1242 1653 domibus
1265 1610 1322 1653 su·

373 1685 560 1768 pradictis3
592 1692 628 1748 et
652 1685 703 1748 sic
730 1685 839 1748 servis
864 1683 994 1748 Christi
1028 1705 1147 1750 servos
1182 1688 1323 1769 praefert

376 1784 601 1861 Machometi,
625 1791 664 1847 ut
686 1803 731 1848 ex
756 1784 944 1865 praemissis
966 1784 1160 1848 ostenditur
1181 1788 1323 1851 eviden-

374 1890 438 1946 ter.
475 1882 601 1947 Adhuc
633 1902 697 1966 pro
722 1889 817 1946 certo
845 1883 947 1959 scias,
969 1883 1073 1965 quod,
1100 1884 1182 1949 licet
1210 1887 1323 1951 dictus

373 1982 561 2065 imperator
583 2003 661 2046 cum
682 1982 803 2064 paucis
824 1981 990 2045 militibus
1011 2002 1108 2047 mare
1127 1984 1255 2049 dicitur
1269 1987 1323 2049 in·

375 2089 497 2159 trasse,
515 2089 637 2146 contra
653 2081 895 2162 patrimonium
918 2081 1073 2145 ecclesiae
1086 2102 1248 2164 magnum
1264 2105 1324 2150 ex·

376 2183 520 2245 ercitum
543 2179 818 2244 Christianorum
840 2187 876 2243 et
892 2179 1144 2244 Saracenorum
1166 2184 1324 2249 multitu·

376 2280 489 2343 dinem
512 2279 710 2355 destinavit,
734 2285 773 2342 ut
790 2279 832 2342 de
848 2279 1089 2344 observatione
1105 2280 1183 2345 fidei
1198 2302 1271 2347 suae
1288 2292 1325 2348 et

376 2377 593 2459 malignitate
608 2382 755 2453 constet,
777 2379 1002 2460 omnibusque
1024 2379 1242 2445 manifestum
1265 2402 1324 2446 ex·

376 2476 494 2539 hibeat
505 2483 758 2558 argumentum.
788 2476 902 2553 Unde,
916 2477 1070 2559 inquam,
1080 2480 1213 2543 firmam
1227 2502 1323 2564 spem

377 2575 606 2657 fiduciamque
622 2574 786 2639 habemus
800 2576 836 2639 in
855 2575 934 2653 Illo,
952 2578 1012 2658 qui
1027 2578 1208 2643 eeclesiam
1225 2601 1324 2645 suam

378 2694 484 2757 supra
499 2674 578 2739 fidei
596 2681 729 2757 petram
745 2673 936 2750 stabiliens,
954 2684 1259 2762 quantumcunque
1277 2682 1324 2744 ir·

378 2781 482 2837 ruant
492 2776 586 2838 venti
601 2781 636 2837 et
647 2774 816 2837 inundent
827 2773 980 2852 flumina,
997 2776 1108 2856 ipsam
1125 2784 1241 2843 tamen
1256 2800 1325 2845 non

377 2875 554 2955 permittet
578 2873 695 2936 everti.
749 2873 843 2936 Dum
862 2873 981 2955 itaque
1003 2875 1159 2940 videmus
1184 2898 1264 2942 eum
1290 2880 1326 2943 in

378 2974 599 3036 subversione
616 2971 696 3034 fidei
714 2970 921 3036 Christianae
943 2971 993 3036 ita
1015 2976 1173 3057 nequiter
1196 2979 1326 3042 machi·

378 3080 530 3147 nantem,
560 3072 611 3132 ita
640 3071 744 3153 impie
771 3071 982 3149 saevientem,
1011 3092 1190 3154 possemus
1213 3086 1326 3142 extre·

378 3189 471 3231 mum
493 3168 683 3251 periculum
702 3169 908 3249 formidare;
931 3171 1003 3249 sed,
1020 3182 1328 3259 quantumcunque

378 3267 475 3348 impii
496 3267 722 3348 prolongetur
745 3269 922 3351 iniquitas,
945 3290 1121 3353 nunquam
1150 3281 1266 3339 tamen
1290 3278 1326 3340 in

378 3384 442 3428 sua
459 3367 587 3448 poterit
611 3368 785 3448 pravitate
803 3369 1003 3450 praevalere,
1026 3371 1086 3434 sed
1103 3371 1140 3434 in
1155 3377 1327 3456 capotius

379 3472 570 3529 evanescet.
608 3465 695 3529 Cum
717 3466 826 3547 igitur
846 3487 891 3530 ex
914 3468 1037 3546 officio,
1061 3469 1144 3535 licet
1162 3473 1327 3555 indignis,

379 3565 477 3628 nobis
504 3566 661 3648 injuncto
693 3565 874 3647 providere
906 3569 1074 3649 cogimur,
1103 3589 1147 3633 ne
1173 3573 1329 3638 minister

380 3663 591 3728 Machometi
619 3664 656 3727 in
684 3663 813 3728 Christi
846 3665 1022 3731 ministros
1050 3667 1181 3733 diutius
1213 3672 1330 3739 valeat

379 3763 557 3838 desaevire,
599 3763 659 3826 sed
700 3763 847 3827 soeviens
881 3766 996 3846 potius
1028 3768 1262 3835 confundatur
1294 3781 1329 3837 et

379 3863 492 3942 gloria
526 3862 714 3926 Christiani
746 3864 893 3926 nominis
931 3864 1117 3944 exaltetur,
1154 3869 1329 3936 dilectioni

379 3968 449 4025 tuae
474 3981 535 4044 per
561 3962 752 4044 apostolica
778 3963 908 4044 scripta
931 3966 1163 4047 praecipiendo
1188 3971 1331 4035 manda·

378 4079 467 4134 mus,
500 4067 671 4141 quatenus
702 4081 764 4143 per
791 4068 918 4124 terram
943 4062 1126 4145 legationis
1157 4074 1227 4131 tuae
1255 4069 1330 4134 baec

378 4159 565 4222 solenniter
596 4160 787 4241 praedicans
820 4160 951 4226 Christi
992 4163 1162 4242 fidelibus,
1195 4175 1235 4231 ut
1267 4188 1330 4251 pro
