2978 4996
402 434 539 482 snonns
563 433 831 482 msronrnnuu.
1024 418 1089 482 291

136 589 265 658 liarios,
290 610 350 672 per
366 609 455 671 quos
477 599 577 653 erant
594 591 630 652 in
653 590 794 653 exilium
818 592 928 672 pulsi3
954 600 989 655 et
1004 611 1083 674 quoe
1104 605 1158 643 Ab·
1171 608 1224 644 ¹²³⁴-

136 708 201 751 sna
216 689 354 753 fuerant
371 690 450 770 igne
466 697 619 752 cremata
635 708 787 767 nemora,
803 697 838 754 et
855 690 1009 772 pomeria
1026 710 1083 754 ra·

137 787 263 851 dicitns
284 789 489 870 exstirpata.

277 958 326 1022 De
341 957 525 1041 equitatione
532 959 628 1041 sacto
643 959 731 1042 opud
745 959 950 1044 Soloposdori.

214 1081 359 1157 Deinde,
397 1079 489 1145 infra
532 1090 675 1145 octavas
721 1083 936 1164 Epiphaniae,
973 1103 1087 1147 comes
1101 1097 1237 1185 ghrethuo

143 1180 371 1244 Marescallus
406 1187 442 1242 et
475 1181 635 1262 princeps
672 1181 871 1245 Norwalliae
912 1149 1238 1284 Loebnnaffiififerilu

140 1280 296 1344 collectis
321 1279 480 1343 omnibus
502 1280 632 1342 viribus
655 1299 742 1360 quas
766 1280 890 1344 babere
913 1289 1087 1362 poterant,
1101 1296 1183 1344 rouun-

143 1387 254 1443 terras
290 1379 382 1457 regis
417 1377 519 1458 longe
551 1376 697 1458 ingressi
732 1378 821 1442 ferro
861 1389 896 1443 et
928 1380 1087 1443 incendio

141 1477 400 1551 destruxerunt,
431 1477 482 1539 ita
503 1477 595 1557 quod
621 1496 642 1539 a
664 1477 788 1540 finibus
806 1478 944 1542 Walliae
978 1498 1087 1560 usque

142 1575 186 1639 ad
214 1575 431 1657 Salopesberi
463 1574 546 1636 nihil
577 1576 717 1639 omnino
743 1577 955 1657 reliquerunt
978 1578 1088 1640 intac-

143 1684 243 1752 tum3
275 1673 392 1738 villam
414 1692 551 1755 quoque
583 1673 800 1755 Salopesberi
822 1676 902 1755 igne
928 1677 1086 1739 combus-

142 1780 263 1838 serunt
286 1780 321 1836 et
343 1773 496 1854 pretiosa
527 1773 607 1835 inde
637 1772 764 1835 reversi
794 1773 906 1852 spolia
933 1781 1087 1855 reporta·

143 1881 235 1936 runt.
288 1869 506 1934 nexantem
528 1870 722 1950 Anglorum
744 1871 834 1933 inter
860 1871 933 1934 baec
960 1873 1087 1948 omnia,

143 1990 223 2054 qnae
244 1969 373 2034 fiebant
393 1970 437 2032 ab
464 1969 620 2033 hostibus
646 1970 730 2046 suis,
753 1968 845 2050 apud
863 1967 1086 2033 Gloverniarn

143 2072 221 2133 cum
255 2069 418 2151 episcopo
442 2068 674 2132 Wintoniensi
702 2069 900 2131 morabatur
930 2067 1087 2143 imbellis,

143 2170 227 2251 quia
250 2168 339 2230 vires
368 2187 436 2230 non
470 2167 588 2230 babuit
614 2167 791 2242 militares,
823 2167 948 2247 quibus
983 2166 1087 2229 aude-

143 2276 196 2332 ret
219 2267 374 2330 hostibus
400 2267 552 2341 obviare,
580 2266 670 2328 unde
695 2267 799 2329 nimio
824 2268 945 2329 rubore
968 2265 1087 2328 confu-

144 2386 205 2430 sus
231 2385 351 2429 uersus
376 2365 589 2429 Wintoniam
621 2365 794 2445 profectus
820 2374 885 2442 est,
915 2366 1086 2445 regionem

144 2465 239 2529 illam
265 2462 472 2527 adversariis
494 2463 768 2545 depopulandam
792 2464 1001 2546 relinquens,
1022 2466 1087 2528 sic-

145 2572 184 2627 ut
206 2564 418 2629 intuentibus
441 2563 602 2644 apparuit
622 2562 819 2639 evidenter3
850 2583 927 2627 nam
949 2566 1089 2627 misera·

144 2662 214 2726 bile
236 2663 425 2728 viatoribus
449 2670 525 2724 erat
546 2660 662 2724 videre
688 2662 724 2724 in
751 2662 928 2743 provincia
954 2662 1015 2724 illa
1038 2670 1089 2724 tot

145 2761 336 2826 occisorum
361 2779 519 2841 corpora,
541 2779 685 2841 quorum
717 2780 785 2822 non
815 2768 890 2822 erat
915 2777 1089 2834 numerus,

145 2861 239 2924 nuda
266 2879 327 2941 per
349 2859 482 2939 plateas
508 2867 544 2922 et
567 2858 741 2941 insepulta
760 2858 889 2940 jacere,
912 2875 990 2938 quae
1012 2857 1089 2918 bes-

145 2961 203 3024 tiis
228 2977 308 3022 esca
332 2958 426 3020 fuere
452 2958 632 3020 voracibus
655 2965 690 3020 et
713 2956 910 3019 volatilibus
936 2955 1012 3018 caeli
1034 2973 1089 3017 ra·

145 3058 300 3140 pacibus,
322 3056 509 3138 exquibus
534 3062 641 3118 tantae
666 3056 895 3136 corruptionis
914 3055 1017 3118 foetor
1034 3072 1091 3116 ae-

145 3176 215 3221 rem
233 3157 500 3237 circumquaque
516 3154 692 3229 infecerat,
707 3154 799 3235 quod
817 3156 920 3217 etiam
937 3153 1091 3216 homines

144 3274 248 3320 sanos
282 3255 408 3317 mortui
443 3260 671 3334 peremerunt.
726 3251 930 3316 Induratum
954 3252 1089 3334 quidem

145 3355 232 3418 adeo
254 3360 329 3417 erat
344 3372 403 3416 cor
423 3354 515 3433 regis
536 3361 659 3415 contra
681 3349 926 3415 Marescallum
946 3371 1008 3434 per
1029 3352 1092 3414 ini-

145 3472 263 3534 quum,
289 3472 359 3534 quo
385 3452 560 3527 utebatur,
584 3450 777 3527 consilium,
803 3450 894 3531 quod
921 3450 1091 3532 episcopis

144 3551 241 3615 illum
264 3552 540 3626 admonentibus,
569 3557 608 3612 ut
632 3568 751 3630 pacem
781 3569 856 3612 cum
886 3568 927 3611 oo
952 3549 1091 3621 faceret,

145 3651 204 3731 qni
226 3669 289 3731 pro
307 3649 447 3732 justitia
469 3649 681 3724 decertabat,
698 3647 931 3729 responderet,
949 3665 987 3707 se
1004 3664 1091 3706 nun-

145 3767 248 3830 quam
265 3750 301 3811 in
317 3768 436 3830 pacem
459 3749 643 3810 convenire
661 3766 738 3810 curn
757 3745 829 3820 illo,
848 3745 911 3806 nisi
931 3743 1091 3824 laqueum

144 3848 179 3910 in
202 3848 292 3912 collo
315 3865 439 3926 gerens
463 3853 555 3909 etse
578 3845 787 3926 proditorem
814 3861 889 3905 esse
912 3860 1094 3921 recognos-

144 3966 224 4010 cens
243 3947 319 4028 ejus
337 3945 605 4008 misericordiam
624 3942 833 4025 imploraret.
