2978 4996
369 428 436 494 280
624 441 759 488 noorai
783 440 830 487 on
852 439 1059 488 wnuoovss

210 617 357 706 &mam
372 618 449 661 cum
480 596 645 679 oppidum
673 596 842 673 circuiret,
874 597 1057 679 conspexit
1087 616 1165 660 eum
1196 597 1325 662 Baldo·

211 718 275 756 ιω,
373 717 485 761 winus
508 696 551 759 de
572 696 724 777 Gysnes,
750 695 848 758 miles
872 703 1048 772 strenuus,
1073 697 1130 760 oui
1153 716 1217 760 rex
1236 697 1323 761 illud

209 728 304 816 pristinos
311 778 316 812 ς

373 796 635 860 custodiendum
674 793 893 857 commiserat
938 813 1017 858 cum
1058 794 1325 860 Pictavensibus

373 895 504 970 multiS,
543 902 578 957 et
613 893 812 974 intelligens
852 913 921 974 quo
962 893 1193 958 Marescallus
1235 903 1323 972 erat,

373 1014 474 1077 quem
494 993 581 1056 vidit
603 991 783 1055 castellum
803 1010 880 1054 oum
899 992 1019 1073 paucis
1040 993 1236 1074 explorare,
1262 1013 1324 1057 ex·

374 1092 438 1155 ivit
463 1112 542 1155 cum
564 1091 657 1153 mille
680 1090 763 1154 viris
788 1089 983 1153 fortissimis
1006 1098 1042 1154 et
1064 1091 1243 1172 eleganter
1268 1112 1323 1156 ar-

374 1192 489 1267 matiS,
517 1197 552 1254 et
580 1189 701 1271 rapido
726 1207 893 1269 equorum
918 1208 1021 1251 cursu
1048 1188 1092 1251 ad
1119 1190 1218 1253 illum
1248 1197 1324 1254 ten-

374 1291 459 1353 dens
479 1296 618 1370 captum
636 1307 713 1350 cum
735 1286 807 1350 suis
827 1288 986 1350 omnibus
1002 1286 1045 1350 ad
1061 1288 1225 1369 oppidum
1245 1309 1323 1371 per·

373 1388 498 1451 ducere
514 1387 701 1466 cogitabat.
753 1384 923 1450 Videntes
941 1393 1056 1449 autem
1071 1388 1324 1452 commilitones

374 1487 509 1549 comitis
532 1484 731 1547 Maresoalli
757 1482 875 1547 hostes
894 1503 972 1547 oum
994 1486 1125 1566 impetu
1147 1485 1325 1565 advenire,

374 1583 542 1646 dederunt
558 1584 590 1645 ei
607 1583 801 1657 consilium,
823 1591 863 1646 ut
884 1584 950 1646 sibi
973 1602 1034 1665 per
1056 1583 1174 1664 fugam
1200 1603 1325 1649 consu·

375 1683 472 1758 leret,
497 1682 729 1746 inconsultum
752 1681 905 1744 dicentes
929 1700 1008 1745 cum
1034 1683 1154 1763 paucis
1178 1686 1323 1748 armatis

374 1801 452 1844 cum
476 1788 530 1845 tot
560 1780 716 1845 hostibus
740 1780 921 1859 dimicare;
953 1781 1079 1863 quibus
1109 1782 1322 1864 respondens

375 1879 603 1944 Maresoallus
625 1879 726 1955 dixit,
755 1898 793 1943 se
814 1898 991 1962 nunquam
1014 1887 1157 1943 eatenus
1178 1882 1214 1944 in
1234 1901 1325 1964 pras·

374 1979 421 2043 lio
438 1979 593 2044 hostibus
616 1986 715 2059 terga
737 1976 895 2056 dedisse;
919 1998 982 2041 nec
1004 1997 1041 2041 se
1063 1979 1164 2043 modo
1190 1978 1226 2043 id
1249 1981 1324 2045 fac-

375 2088 489 2142 turum
526 2077 683 2151 affirmat,
723 2076 912 2139 exhortans
951 2096 1082 2154 omnes,
1112 2084 1152 2141 ut
1175 2078 1324 2143 viriliter

374 2177 563 2240 defensioni
597 2181 773 2252 vacarent,
806 2194 850 2238 ne
881 2176 1087 2240 morirentur
1112 2176 1227 2241 inulti.
1273 2177 1324 2243 At

374 2276 552 2338 castellani
579 2273 715 2336 interim
743 2274 862 2337 ineos
888 2274 1022 2338 fortiter
1049 2276 1221 2339 irruentes
1243 2296 1321 2341 cum

373 2374 502 2436 lanceis
517 2380 552 2436 et
568 2370 694 2453 gladiis
712 2391 785 2434 rem
807 2373 969 2454 agebant.
1023 2373 1081 2437 Fit
1095 2375 1322 2455 gravissimus

371 2472 553 2552 utrobique
577 2469 770 2548 conflictus,
797 2472 857 2534 sed
884 2472 986 2534 nimis
1015 2472 1208 2555 inaequalis,
1239 2473 1320 2540 dum

371 2578 507 2633 centum
527 2570 740 2634 solummodo
762 2568 829 2634 viri
851 2578 973 2634 contra
994 2570 1089 2634 mille
1102 2571 1320 2638 adversarios

370 2670 405 2732 in
436 2669 544 2733 multo
576 2668 644 2733 diei
677 2668 791 2749 spatio
823 2668 1044 2734 dimicabant.
1097 2669 1320 2737 Baldewinus

370 2788 453 2832 vero
478 2768 520 2832 de
543 2767 681 2850 Gysnes
707 2766 857 2842 tandem,
887 2769 1068 2831 associatis
1096 2769 1162 2832 sibi
1189 2770 1321 2836 duode-

370 2870 435 2931 cim
452 2868 677 2931 bellatoribus
695 2865 890 2929 fortissimis
912 2874 947 2931 et
965 2866 1142 2948 eleganter
1164 2872 1319 2948 armatis,

369 2967 532 3049 impetum
557 2965 687 3029 faciens
707 2966 743 3028 in
764 2965 922 3029 comitem
942 2964 1189 3030 Maresoallum
1209 2970 1319 3033 voluit

370 3067 483 3146 ipsum
507 3066 572 3128 sub
592 3066 753 3148 captione
775 3064 975 3127 conclusum
993 3065 1109 3128 vivum
1133 3067 1319 3148 perducere

285 3214 286 3218 ,
369 3163 412 3226 ad
439 3163 645 3243 castellum
676 3163 735 3226 sed
761 3162 820 3226 ille
841 3163 958 3227 hostes
983 3183 1052 3227 non
1068 3165 1227 3246 permisit
1241 3187 1320 3249 pro·

369 3262 446 3342 pius
475 3259 650 3338 accedere,
674 3261 825 3343 gladium
856 3262 997 3325 vibrans
1024 3282 1047 3325 a
1069 3262 1204 3327 dextris
1234 3274 1271 3329 et
1297 3285 1319 3329 a

369 3359 529 3435 sinistris,
546 3360 619 3436 scd,
636 3379 870 3442 quoscumque
892 3379 970 3423 cum
995 3360 1055 3424 illo
1079 3362 1317 3443 contingebat,

369 3465 430 3521 aut
445 3459 481 3520 in
496 3466 622 3523 terram
637 3466 792 3522 mortuos
807 3460 1047 3540 prosternebat
1070 3466 1131 3522 aut
1148 3464 1317 3526 attonitos

367 3557 497 3620 ictuum
526 3557 702 3621 collisione
727 3556 903 3633 reddebat,
929 3564 966 3620 et
990 3556 1040 3620 sic
1070 3558 1166 3621 solus
1197 3568 1319 3624 contra

368 3656 559 3732 duodecim,
584 3666 619 3720 et
644 3657 694 3720 illi
721 3664 842 3719 contra
866 3656 988 3731 solum,
1013 3655 1144 3720 diutius
1164 3657 1319 3723 decerta-

368 3756 462 3819 bant.
515 3755 583 3818 Sed
606 3755 756 3830 demum,
783 3773 861 3817 oum
889 3754 1035 3818 adeum
1062 3755 1228 3820 accedere
1251 3778 1318 3822 non

367 3854 545 3929 auderent,
567 3874 645 3917 cum
668 3853 799 3917 lanceis
822 3853 895 3917 suis
920 3872 1058 3935 equum,
1073 3853 1108 3917 in
1126 3875 1196 3936 quo
1221 3859 1319 3920 sede·

366 3953 439 4028 bat,
467 3960 714 4034 peremerunt;
748 3952 809 4015 sed
842 3951 912 4028 ille,
943 3953 1003 4034 qui
1030 3953 1154 4017 doctus
1182 3956 1318 4020 eratin

365 4051 494 4131 praeliis
519 4051 725 4128 Gallicanis,
746 4051 890 4115 militem
915 4051 1087 4132 quendam
1105 4052 1172 4116 sibi
1191 4053 1321 4138 impor-

364 4154 483 4211 tunum
506 4170 568 4231 per
591 4151 712 4234 pedem
735 4151 894 4233 arripuit,
916 4170 1017 4232 quem
1040 4170 1117 4215 oum
1135 4152 1320 4221 interram
