2978 4996
409 423 475 488 264
665 435 799 483 nocem
824 437 870 482 nn
894 433 1100 483 wuuoovnn

249 610 307 699 ⁵s⁰
317 611 372 649 ¹²³³
412 594 554 675 gerebat
574 590 739 656 Richardi
763 591 881 673 magni
901 550 1124 668 Marescalli3
1148 586 1241 670 quod
1271 588 1361 653 idem

249 710 294 749 nln
281 671 354 759 uhtry

309 660 366 708 geel

413 691 610 757 Richardus
632 691 733 753 nimis
754 688 897 753 moleste
913 689 1005 754 tulit.
1056 688 1253 753 Walterum
1276 708 1363 770 quo·

412 811 480 876 que
499 789 759 854 Karleolensem
782 788 982 870 episcopum
1001 788 1092 851 idem
1109 806 1185 863 rex,
1202 804 1271 870 per
1280 807 1363 851 con·

412 890 527 953 silium
568 888 771 970 praedictum
802 888 847 949 ab
876 885 988 949 officio
1021 885 1229 950 thesaurarii
1266 887 1363 968 prius

413 988 602 1071 expellens,
621 993 758 1049 eentum
781 985 888 1049 libras
911 983 1048 1065 argenti
1069 984 1114 1048 ab
1135 1003 1176 1047 eo
1200 985 1306 1065 cepit,
1328 992 1364 1049 et

413 1086 588 1151 custodias
616 1084 797 1165 quasdam,
827 1102 915 1167 quas
940 1083 971 1146 ei
999 1102 1062 1164 per
1084 1081 1238 1146 chartam
1263 1101 1362 1146 suam

414 1185 678 1248 confirmaverat
715 1182 796 1246 dum
828 1182 972 1257 viveret,
1002 1181 1249 1244 contumeliose
1282 1183 1365 1245 sub·

415 1284 534 1347 traxit.
587 1281 812 1345 Consiliarios
829 1299 910 1344 vero
933 1298 1015 1344 suos
1034 1298 1166 1355 omnes,
1189 1287 1263 1342 tam
1290 1280 1364 1362 epi·

415 1401 539 1464 scopos
568 1399 672 1462 quam
701 1381 856 1455 comites,
888 1397 930 1442 ae
961 1379 1107 1442 barones
1138 1385 1174 1443 et
1207 1397 1364 1462 quosque

416 1479 459 1543 de
482 1498 589 1560 regno
612 1497 675 1541 suo
698 1477 842 1555 nobiles,
869 1478 920 1541 ita
946 1477 1202 1559 praecipitanter
1225 1478 1366 1562 abjecit,

416 1577 508 1659 quod
531 1576 616 1639 nulli
636 1576 810 1654 credebat,
836 1576 904 1640 nisi
926 1576 1089 1658 episeopo
1111 1583 1302 1641 memorato
1329 1583 1365 1640 et

416 1669 502 1739 lilio¹
525 1674 601 1758 ejus
624 1675 731 1738 Petro
752 1675 796 1740 de
817 1674 990 1753 Rivallis;
1021 1674 1113 1737 unde
1139 1674 1270 1739 sactum
1299 1684 1366 1752 est,

417 1774 521 1857 quod,
544 1773 700 1855 expulsis
722 1781 912 1838 castrorum
943 1773 1141 1838 custodibus
1168 1793 1232 1856 per
1254 1780 1365 1839 totam

417 1871 594 1954 Angliam,
618 1893 680 1936 rex
703 1873 820 1937 omnia
848 1873 913 1936 sub
943 1872 1052 1955 ipsius
1082 1872 1178 1937 Petri
1207 1873 1368 1937 custodia

418 1973 683 2036 commendaret.
736 1971 836 2036 Tune
863 1971 1001 2048 Petrus,
1016 1971 1269 2035 Wintoniensis
1294 1972 1365 2054 epi·

419 2091 558 2153 scopus,
583 2079 623 2134 ut
646 2071 738 2152 regis
761 2071 913 2135 savorem
940 2071 1081 2134 liberius
1102 2070 1287 2147 obtineret,
1314 2078 1368 2135 at·

419 2172 529 2232 traxit
555 2170 591 2232 in
620 2189 721 2231 suum
753 2170 963 2233 consortium
995 2168 1206 2251 Stephanum
1234 2169 1278 2233 de
1305 2169 1367 2234 Se·

419 2287 538 2347 grave,
556 2266 666 2330 virum
684 2267 881 2344 flexibilem,
899 2275 935 2333 et
950 2268 1141 2332 Robertum
1158 2268 1368 2346 Passelewe,

419 2365 478 2446 qui
495 2368 560 2428 suh
578 2364 684 2429 Petro
702 2365 744 2428 de
762 2366 911 2431 Rivallis
934 2367 1115 2431 thesauros
1139 2369 1232 2448 regis
1250 2387 1369 2433 serva·

418 2464 498 2540 hat;
524 2470 560 2526 et
579 2463 629 2526 sic
648 2465 807 2545 contigit,
831 2473 871 2529 ut
890 2465 1027 2529 illorum
1053 2466 1198 2530 consilio
1222 2473 1258 2531 et
1275 2468 1367 2532 arbi·

419 2561 486 2625 trio
508 2563 670 2626 universa
697 2565 794 2644 regni
819 2565 958 2647 negotia
982 2564 1167 2629 ordinaret.
1219 2563 1270 2630 At
1293 2585 1368 2644 rex,

418 2660 575 2725 invitatis
601 2661 863 2727 Pictavensihus
885 2670 921 2727 et
941 2663 1143 2740 Britonibus
1167 2666 1367 2729 transmari·

420 2760 487 2837 nis,
515 2761 574 2842 qui
603 2769 744 2841 egentes
769 2769 804 2825 et
830 2762 927 2826 lucro
959 2761 1156 2827 avidissime
1181 2762 1367 2841 inhiantes,

420 2867 588 2923 venerunt
601 2860 645 2923 ad
668 2860 737 2923 duo
760 2860 869 2925 millia
889 2880 967 2924 cum
987 2862 1084 2943 equis
1106 2871 1141 2925 et
1155 2863 1260 2926 armis
1277 2862 1367 2926 mili-

421 2966 474 3022 tes
500 2965 535 3021 et
558 2959 760 3034 servientes,
782 2978 869 3041 quos
888 2960 924 3022 in
945 2978 1009 3023 suo
1029 2961 1180 3025 retinens
1202 2962 1367 3044 obsequio

421 3058 536 3137 posuit
558 3057 593 3120 in
615 3057 786 3140 praesidiis
809 3066 1001 3124 castrorum
1026 3061 1124 3140 regni
1141 3060 1179 3123 in
1203 3060 1291 3125 loeis
1316 3060 1367 3124 di·

420 3156 542 3232 versis,
565 3157 625 3236 qui
649 3155 804 3220 homines
821 3154 960 3238 Angliae
985 3159 1160 3222 naturales
1185 3166 1220 3223 et
1237 3158 1370 3224 nobiles

421 3253 504 3315 totis
527 3254 657 3317 viribus
684 3256 935 3337 opprimebant,
962 3257 1153 3338 proditores
1178 3276 1239 3322 eos
1265 3276 1370 3323 voca·

421 3351 515 3426 baut,
544 3370 631 3432 quos
657 3353 761 3417 etiam
782 3353 826 3418 de
844 3354 1037 3437 proditione
1062 3357 1155 3439 apud
1173 3374 1290 3438 regem
1315 3375 1372 3421 ao-

421 3451 613 3530 cusabant;
645 3470 791 3532 quorum
814 3454 999 3519 mendaciis
1020 3474 1084 3517 rex
1101 3454 1250 3537 simplex
1268 3455 1370 3520 fidem

421 3548 587 3612 adhibens
609 3550 750 3614 tradidit
772 3553 947 3616 custodias
969 3554 1193 3617 comitatuum
1216 3561 1253 3618 et
1268 3555 1372 3619 baro·

421 3649 556 3712 uiarum
573 3669 649 3712 cum
667 3649 856 3733 juvenibus
877 3652 1047 3715 nobilibus
1069 3661 1104 3716 et
1120 3652 1245 3735 puellis
1267 3673 1372 3735 geue-

422 3748 534 3828 rosis;
569 3747 690 3813 horum
716 3756 832 3813 autem
857 3758 1041 3835 utrumque
1071 3770 1194 3816 sexum
1220 3753 1370 3835 turpiter

421 3847 687 3953 degenerabant,
705 3867 781 3911 cum
796 3849 994 3931 ignobiliter
1011 3852 1233 3915 maritabaut.
1280 3852 1372 3917 The-

458 4045 542 4094 'Filio
552 4045 624 4109 eiua]
649 4046 690 4107 By
708 4046 791 4096 others
808 4048 879 4097 heis
905 4049 995 4111 bishop
1015 4050 1045 4098 of
1065 4048 1249 4115 Ψίιιοὶιωὶειζ
1278 4052 1372 4104 Helin-

421 4113 521 4162 called‘
531 4130 590 4164 earo
606 4130 661 4176 suo,
664 4112 763 4164 '‘aud
771 4114 878 4180 nepoti3'
906 4119 969 4168 shed
972 4135 1017 4182 ,.p
1029 4124 1087 4170 tls.

423 4183 554 4247 ‘nephew,
571 4198 599 4232 or
617 4150 702 4234 rather
721 4201 776 4250 son,
792 4192 818 4237 to
837 4187 879 4237 the
