2978 4996
260 635 314 676 Ab.
324 637 380 676 122⁵.

255 2992 300 3026 esst
309 2997 335 3026 on
346 2988 382 3027 the

255 3037 323 3076 island
331 3038 356 3076 cr
362 3038 406 3085 Βὲς

419 447 484 511 106
674 462 807 509 nocam
837 463 882 508 on
908 460 1113 509 wunnovsn

420 623 595 678 aeternam.
649 614 707 690 Et,
732 634 810 678 cum
843 615 879 677 in
910 633 1073 695 suprema
1099 614 1221 678 fuisset
1248 616 1371 698 despe-

420 715 554 776 ratione
581 714 805 789 constitutus,
831 713 927 775 visus
956 720 1010 776 est
1037 732 1155 776 cereus
1185 713 1309 793 ingens
1336 724 1371 778 et

420 831 546 891 magno
579 811 762 893 splendore
796 829 983 875 coruscans
1023 813 1067 874 ab
1100 813 1273 888 omnibus,
1309 814 1368 893 qui

418 911 454 972 in
479 910 560 972 navi
591 910 887 991 periclitabantur,
917 910 954 971 in
983 910 1182 973 summitate
1210 910 1305 984 mali,
1333 918 1368 973 et

414 1008 521 1090 juxta
549 1027 686 1070 cereum
715 1014 866 1070 stantem
896 1007 1058 1070 viderunt
1081 1007 1231 1089 puellam
1260 1027 1370 1089 quan·

419 1106 499 1168 dam
522 1106 628 1168 nimia
653 1105 908 1186 pulchritudine
929 1104 1137 1183 decoratam,
1155 1124 1233 1186 quae
1253 1106 1367 1168 lumen

419 1205 520 1280 cerei,
555 1203 645 1285 quod
688 1211 874 1266 nocturnas
904 1204 1064 1266 tenebras
1103 1203 1313 1280 illustrabat,
1347 1222 1370 1267 a

419 1310 600 1365 ventorum
625 1300 889 1382 pluviarumque
913 1301 1116 1365 irruentium
1140 1302 1263 1365 robore
1286 1321 1368 1364 con-

420 1407 574 1463 servaret
593 1399 819 1480 praeclarum;
845 1418 891 1462 ex
910 1398 976 1462 hac
996 1418 1133 1480 quoque
1156 1399 1303 1463 caelestis
1319 1400 1368 1462 vi·

420 1498 515 1560 sione
553 1496 722 1560 claritatis
756 1505 827 1560 tam
861 1516 976 1561 comes
1009 1498 1084 1578 ipse
1116 1516 1218 1579 quam
1252 1504 1369 1560 nautae

420 1614 538 1658 omnes
564 1596 750 1659 securitate
774 1602 953 1677 concepta,
976 1594 1131 1658 divinum
1156 1596 1222 1658 sibi
1246 1594 1367 1658 adesse

420 1694 588 1756 auxilium
617 1692 843 1758 confidebant.
898 1694 1044 1756 Etcum
1066 1694 1230 1769 universi,
1253 1693 1367 1775 quiin

420 1792 501 1854 navi
525 1799 636 1868 eraut,
659 1791 742 1872 quid
763 1792 838 1856 haec
860 1792 949 1855 visio
972 1791 1204 1873 portenderet,
1226 1792 1366 1870 ignora·

420 1897 508 1965 rent,
530 1889 625 1952 solus
645 1889 841 1953 willelmus
861 1908 976 1953 comes
1000 1888 1165 1971 praefatus
1187 1888 1290 1971 hujus
1311 1891 1366 1952 be-

419 1987 599 2068 nignitatis
619 1990 768 2069 gratiam
791 1988 903 2051 beatae
924 1987 1048 2051 Mariae
1067 1988 1192 2068 virgini
1213 1987 1368 2068 assigna-

419 2087 491 2164 vit;
527 2086 695 2167 siquidem
725 2104 838 2148 eomes
866 2085 1086 2166 saepedictus,
1120 2085 1174 2148 die
1204 2104 1273 2166 quo
1296 2086 1365 2167 pri·

419 2204 475 2247 mo
490 2184 638 2248 donatus
653 2183 793 2263 cingulo
808 2184 922 2247 fuerat
938 2184 1092 2259 militari,
1109 2203 1245 2247 cereum
1261 2202 1366 2246 unum

419 2289 500 2344 ante
530 2282 640 2345 altare
674 2281 881 2344 beatissimae
913 2282 1034 2344 matris
1063 2282 1129 2345 Dei
1162 2281 1367 2361 assignavit,

419 2386 458 2441 ut
481 2378 523 2440 ad
548 2378 699 2454 missam,
723 2397 800 2458 quse
826 2378 946 2442 diebus
968 2379 1114 2460 singulis
1139 2380 1175 2441 in
1202 2378 1366 2443 bonorem

418 2476 571 2558 ejusdem
597 2476 665 2539 Dei
686 2478 863 2557 genitricis
889 2496 967 2540 cum
989 2476 1083 2539 boris
1107 2478 1282 2541 canonicis
1307 2477 1366 2540 de·

418 2582 499 2637 vote
524 2574 612 2637 solet
638 2574 826 2651 decantari,
848 2574 982 2657 jugiter
1004 2574 1152 2651 arderet,
1175 2582 1211 2638 et
1233 2595 1296 2656 pro
1318 2576 1368 2639 lu·

417 2673 509 2735 mine
527 2673 709 2755 temporali
726 2674 837 2738 lucem
860 2680 1088 2738 commutaret
1105 2682 1279 2737 aeternam.

492 2846 637 2919 Qualiter
654 2846 735 2911 idem
749 2868 842 2910 omnm
858 2845 988 2910 bostiam
1004 2847 1140 2911 insidias
1155 2849 1297 2912 samarit.

469 2969 539 3032 His
563 2971 614 3034 ita
640 2971 761 3051 gestis,
787 2989 865 3033 cum
892 2969 1063 3033 crastinus
1086 2970 1159 3033 dies
1183 2971 1369 3048 illuxisset,

417 3068 593 3149 projectus
617 3075 671 3131 est
695 3087 809 3130 comes
834 3088 912 3131 cum
936 3068 1037 3131 sociis
1061 3069 1146 3145 suis,
1167 3069 1280 3132 ventis
1303 3070 1367 3132 im·

417 3165 636 3246 pellentibus,
654 3164 697 3227 ad
716 3165 889 3245 quandam
909 3167 1013 3230 maris
1035 3167 1195 3243 insulam,
1216 3186 1294 3249 quae
1313 3169 1367 3232 Re

417 3262 607 3338 dicebatur,
635 3264 745 3326 tribus
773 3283 795 3326 a
822 3264 974 3346 Rupella
1000 3264 1134 3328 distans
1162 3265 1367 3343 miliaribus,

418 3361 476 3423 ubi
502 3361 663 3424 brevibus
691 3361 839 3442 ingressi
867 3364 998 3446 cymbis
1022 3361 1067 3426 ad
1093 3363 1242 3427 insulam
1270 3365 1368 3428 navi-

417 3459 559 3538 gabant.
613 3459 677 3523 Est
695 3468 810 3524 autem
834 3462 869 3524 in
897 3462 1011 3525 insula
1033 3461 1095 3524 illa
1117 3462 1258 3525 abbatia
1274 3482 1367 3544 quae-

416 3557 495 3620 dam
522 3558 651 3620 ordinis
680 3557 919 3623 Cisterciensis
943 3562 1023 3636 sita,
1055 3560 1226 3642 adquam
1251 3579 1367 3625 comes

417 3656 556 3720 nuntios
581 3658 734 3736 dirigens
759 3658 962 3739 postulavit,
987 3666 1027 3721 ut
1047 3665 1144 3723 tutus
1166 3665 1284 3740 posset
1303 3660 1368 3723 ibi·

415 3755 491 3817 dem
516 3755 622 3819 latere
647 3757 691 3818 ab
713 3755 883 3831 hostibus,
906 3757 1016 3820 donec
1038 3776 1124 3821 aura
1148 3757 1212 3819 sibi
1235 3757 1368 3820 felicior

416 3852 603 3933 arrideret3
639 3853 730 3935 quod
763 3855 870 3917 abbas
903 3855 971 3919 loci
1002 3856 1067 3918 sibi
1098 3862 1278 3935 gratanter
1306 3875 1368 3919 an-

415 3971 525 4015 nuens
547 3972 624 4015 cum
647 3952 777 4016 bonore
801 3953 915 4035 ipsum
941 3953 1070 4036 atejus
1094 3961 1272 4017 consortes
1292 3973 1367 4017 sus-

414 4052 517 4131 cepit.
570 4051 656 4115 Erat
675 4059 791 4114 autem
811 4052 925 4115 insula
945 4052 1004 4115 illa
1027 4054 1061 4115 in
1081 4052 1240 4116 custodia
1259 4053 1366 4117 Sava·

415 4146 477 4210 rici
502 4147 544 4210 de
571 4147 795 4225 Malo-leone,
819 4153 879 4231 qui
899 4158 980 4214 tunc
1004 4152 1167 4233 temporis
1194 4170 1271 4214 cum
1298 4151 1367 4215 Lo-
