2978 4996
427 442 566 490 sanans
590 443 859 495 rnsronmnuru.
1050 432 1113 497 161

155 617 235 661 mus
258 597 491 681 impleturum,
513 609 549 665 et
571 609 695 684 sponte
717 602 937 667 consentiens
959 604 994 666 in
1016 623 1054 668 se
1076 613 1246 685 etl-12¹²&t

156 717 303 780 regnum
321 718 423 763 snum
441 699 522 764 ferri
539 702 745 766 sententiam
764 703 793 764 si
810 702 883 766 haec
897 722 964 766 non
982 703 1111 770 fuerint
1122 670 1248 759 iiim

158 798 357 862 observata.
410 798 571 877 Qualiter
592 808 706 864 autem
730 800 805 863 haec
827 802 1031 884 impleverit,
1048 804 1109 866 ad·
1122 770 1271 818 mm

156 903 298 977 vertas;
324 917 405 961 nam
421 918 497 962 cum
515 900 559 963 ad
583 899 657 982 ejus
676 900 888 980 frequentem
906 902 1109 965 instantiam

157 997 269 1060 multa
289 1016 391 1061 cruce
411 999 626 1080 signatorum
643 998 763 1073 millia,
787 1018 849 1080 per
872 1003 1108 1064 excommnni-

157 1095 306 1159 cationis
329 1098 536 1161 sententiam
566 1098 746 1176 coarctati,
770 1098 806 1160 in
834 1099 978 1163 termino
1003 1101 1108 1164 desti-

158 1201 244 1258 nato
276 1194 320 1258 ad
354 1204 494 1279 portum
522 1195 709 1259 Brundusii
741 1206 995 1279 properassent,
1027 1201 1109 1282 quia

157 1295 309 1374 gratiam
336 1314 435 1358 snam
458 1296 647 1378 imperator
667 1297 889 1369 subtraxerat
910 1298 1109 1362 civitatibus

159 1391 232 1456 sere
258 1395 392 1458 cunctis
421 1395 456 1458 in
484 1396 653 1477 portubus
678 1396 888 1473 constitutis
914 1404 949 1460 et
973 1397 1063 1460 idem
1087 1418 1109 1462 a

159 1493 411 1574 praedecessore
430 1501 551 1558 nostro
565 1513 606 1557 ac
622 1513 644 1557 a
657 1495 756 1558 nobis
771 1493 984 1576 frequentius
998 1499 1108 1560 moni-

160 1598 231 1668 tus,
246 1599 286 1654 ut
300 1592 485 1675 diligenter
506 1601 646 1675 pararet
663 1595 791 1670 omnia,
805 1602 840 1657 et
855 1594 1011 1671 fideliter,
1029 1615 1107 1677 quae

160 1692 407 1773 spoponderat,
422 1692 638 1775 adimpleret,
654 1693 729 1775 ipse
746 1693 1011 1775 praemissorum,
1029 1714 1107 1776 quae

158 1790 233 1853 sedi
255 1791 456 1872 apostolicae
479 1800 514 1856 et
528 1811 630 1855 cruce
654 1792 801 1872 signatis
825 1812 888 1873 per
905 1793 1108 1875 praedicato

159 1908 215 1953 res
232 1898 268 1954 et
287 1889 407 1954 literas
428 1910 510 1954 suas
530 1890 660 1954 fecerat
681 1890 723 1953 de
746 1891 932 1972 sponsione
955 1893 1109 1973 passagii

157 1990 430 2054 necessariorum
454 1998 490 2054 et
516 1991 641 2066 victus,
669 2008 741 2053 suae
772 1989 894 2052 salutis
920 1990 1109 2066 immemor,

159 2088 291 2152 tamdiu
322 2089 358 2153 in
391 2091 504 2153 aestivi
533 2088 678 2153 fervoris
711 2088 869 2152 incendio
902 2089 938 2150 in
968 2089 1109 2170 regione

159 2188 281 2250 mortis
306 2196 341 2252 et
364 2189 454 2252 aeris
476 2188 673 2270 corruptela
698 2188 846 2252 detinuit
873 2187 1109 2252 Christianum

158 2288 362 2364 exercitum,
384 2295 511 2352 utnon
531 2287 643 2350 solum
660 2306 787 2369 magna
808 2306 890 2369 pars
913 2287 1035 2370 plebis,
1052 2308 1108 2351 ve-

158 2404 235 2448 rum
266 2387 371 2452 etiam
403 2406 470 2450 non
497 2387 633 2450 modica
663 2386 848 2452 multitudo
879 2387 1043 2451 nobilium
1075 2395 1110 2451 et

157 2494 373 2566 magnatum,
387 2486 597 2568 pestilentia,
619 2485 695 2550 sitis
719 2486 891 2562 ariditate,
906 2487 1038 2550 ardoris
1055 2488 1108 2549 in·

158 2584 293 2662 cendio,
321 2604 363 2649 ac
385 2586 502 2648 multis
533 2585 871 2648 incommoditatibus
905 2587 1109 2667 exspiravit,

159 2683 251 2747 inter
282 2703 371 2766 quos
400 2683 600 2749 defecerunt
627 2686 727 2747 bonae
758 2684 931 2746 memoriae
956 2685 1109 2765 episcopi

159 2782 424 2865 Andegavensis
454 2791 490 2847 et
515 2782 759 2864 Augustensis.
813 2781 901 2845 Pars
932 2801 1012 2845 vero
1039 2802 1110 2844 non

159 2882 294 2946 modica
321 2883 522 2947 infirmitate
555 2889 703 2964 gravata
732 2880 929 2961 regrediens
965 2880 1001 2942 in
1032 2880 1110 2957 viis,

159 2984 195 3046 in
229 2981 327 3046 silvis
358 2990 393 3047 et
425 2982 591 3065 planitiis,
629 2983 665 3045 in
699 2981 873 3045 montibus
905 2987 940 3043 et
970 2979 1110 3061 spelun-

159 3083 222 3159 cis,
253 3082 415 3146 occubuit
438 3082 513 3164 jam
538 3101 581 3144 ex
609 3088 719 3164 parte.
771 3079 863 3143 Sane
889 3079 1024 3161 reliqui,
1049 3079 1110 3143 vix

158 3183 301 3246 obtenta
318 3182 468 3256 licentia,
492 3180 573 3244 licet
595 3181 730 3262 galeiae,
753 3179 960 3255 chelandrae,
983 3197 1024 3242 ac
1047 3199 1110 3243 na·

158 3300 220 3344 ves
247 3280 456 3345 sufficientes
483 3279 528 3343 ad
550 3281 734 3343 transitum
760 3279 975 3354 victualium,
1001 3278 1110 3342 homi-

158 3399 241 3444 nnm
267 3387 304 3443 et
330 3399 507 3462 equorum,
534 3387 575 3442 nt
603 3379 820 3462 promiserat,
847 3398 916 3442 non
938 3377 1111 3454 adessent,

158 3481 196 3544 iu
212 3480 303 3544 sesto
316 3488 432 3543 tamen
449 3480 562 3542 beatae
577 3478 746 3560 Virginis,
764 3497 841 3540 cnm
854 3478 929 3560 jam
945 3479 1110 3560 temporis

157 3579 326 3644 instantia
353 3579 547 3641 immineret
575 3585 615 3641 nt
638 3596 744 3641 naves
769 3576 1008 3640 transmarinis
1032 3595 1111 3656 par-

159 3680 252 3743 tibus
278 3678 469 3759 inciperent
493 3695 657 3753 remeare,
679 3676 814 3738 sulcare
838 3673 948 3737 maria
970 3672 1110 3737 inchoa·

151 3786 250 3854 runt,
273 3776 333 3841 sed
357 3796 421 3859 pro
441 3776 577 3839 nomine
595 3775 683 3839 Jesu
703 3773 832 3838 Christi
858 3793 896 3836 se
920 3772 1110 3834 discrimini

156 3885 413 3952 concurrentes,
429 3895 472 3939 ac
495 3873 671 3938 credentes
691 3874 933 3954 imperatorem
955 3872 1111 3934 cominus

156 3995 276 4042 eorum
292 3976 442 4057 vestigia
457 3981 667 4037 secuturum.
706 3971 804 4035 Idem
822 3990 917 4046 vero,
933 3971 1111 4033 evacuatis

155 4075 455 4160 promissionibus,
478 4074 589 4155 ruptis
613 4071 760 4136 vinculis
782 4071 907 4152 quibus
930 4070 1112 4132 tenebatur

155 4177 333 4251 astrictus,
357 4175 492 4239 calcato
508 4172 630 4237 timore
654 4171 784 4247 divino,
799 4175 999 4251 contempta
1014 4189 1111 4241 rever

205 4291 286 4338 von.
303 4289 350 4338 lv,
934 4285 960 4332 u
