2978 4996
208 628 331 668 Asturam.

209 679 293 767 ἔξω
268 728 325 767 caol

208 735 346 827 sisinnum.

367 438 433 503 296
616 449 749 498 uocnru
776 449 822 496 un
845 445 1053 496 wnunovua

371 612 518 675 didistis
574 610 676 686 Item,
693 608 753 672 illa
776 606 1003 690 perturbatio,
1020 624 1098 687 quae
1119 625 1214 669 nunc
1232 606 1321 688 peri·

372 711 491 774 culosa
513 719 567 773 est
593 710 628 771 in
651 727 758 790 regno
780 714 909 782 vestro,
937 724 998 787 per
1023 724 1141 768 eorum
1166 705 1321 788 iniquum

373 810 554 874 consilium
576 808 724 885 accidit;
753 806 848 887 quia,
871 806 901 867 si
922 823 984 885 per
1001 803 1177 886 justitiam
1197 812 1235 867 et
1250 825 1323 870 rec-

375 918 448 973 tum
475 908 644 991 judicium
679 915 781 970 terrae
811 903 952 968 tractati
984 903 1132 966 tuissent
1166 903 1323 969 homines

375 1009 495 1083 vestri,
522 1027 590 1070 uon
613 1006 786 1069 evenisset
813 1003 882 1067 ista
903 1003 1067 1077 turbatio,
1092 1010 1127 1064 et
1149 1001 1323 1066 haberetis

375 1115 485 1170 terras
508 1113 642 1169 vestras
671 1124 741 1167 non
768 1102 962 1166 destructas
989 1109 1024 1164 et
1047 1101 1220 1182 integrum
1246 1101 1321 1166 the·

375 1224 514 1267 saurum
530 1211 693 1267 vostrum.
748 1201 850 1278 Item,
868 1201 905 1265 in
921 1200 988 1263 fide
1004 1199 1161 1273 dicimus,
1177 1219 1251 1282 qna
1263 1221 1324 1266 vo-

376 1304 427 1367 bis
443 1311 610 1379 tenemur,
625 1303 708 1385 quia
730 1300 910 1364 consilium
928 1307 1080 1363 vestrum
1103 1317 1172 1361 non
1190 1307 1246 1362 est
1264 1321 1324 1383 pa·

375 1403 436 1478 cis,
459 1402 520 1466 sed
542 1400 810 1483 perturbationis
833 1406 956 1479 terrae3
985 1398 1069 1479 quia
1096 1397 1146 1460 sic
1168 1417 1324 1465 crescere

376 1501 508 1576 volunt,
524 1500 582 1580 qni
604 1518 665 1580 per
682 1517 801 1580 pacem
826 1517 892 1561 non
910 1505 1067 1579 possunt,
1086 1496 1249 1561 videlicet
1265 1519 1325 1582 per

376 1599 473 1679 regni
507 1598 800 1679 perturbationem
831 1604 867 1660 et
892 1596 1038 1660 aliorum
1069 1595 1324 1662 exbaeredatio·

375 1716 464 1759 nem.
518 1695 617 1770 Item,
635 1696 717 1778 quia
735 1695 879 1760 castella
894 1702 1011 1759 vestra
1033 1702 1069 1757 et
1086 1694 1322 1760 fortitudInem

375 1803 476 1859 terrac
495 1803 619 1858 vestrae
635 1795 763 1858 babent
775 1795 811 1857 in
829 1814 932 1857 manu
949 1812 1024 1869 sua,
1041 1795 1141 1876 quasi
1159 1793 1202 1857 de
1220 1804 1324 1876 gente

375 1904 492 1960 vestra
504 1893 656 1958 diffidere
672 1894 838 1957 debeatis.
892 1893 994 1968 Item,
1008 1893 1091 1974 qula
1107 1895 1320 1957 scaccarium

376 2003 528 2058 vestrum
551 2002 586 2058 et
601 2013 720 2057 omnes
743 1992 919 2056 custodias
944 1999 980 2055 et
997 1992 1185 2056 excbaetas
1208 1996 1323 2057 maxi-

376 2113 450 2157 mas
475 2095 603 2157 babent
620 2094 655 2156 in
678 2099 851 2174 potestate
866 2110 943 2168 sna,
964 2098 1013 2168 et,
1029 2091 1203 2173 quomodo
1222 2094 1322 2157 vobis

377 2193 643 2274 respondebunt,
660 2191 778 2254 scietis
794 2198 927 2272 postea.
980 2189 1082 2266 Item,
1097 2191 1179 2271 qnia
1197 2210 1261 2272 per
1276 2192 1322 2256 si-

376 2291 497 2372 gillum
515 2297 666 2352 vestrum
683 2289 738 2352 vel
757 2297 980 2372 praeceptum,
996 2290 1071 2353 sine
1088 2288 1205 2370 sigillo
1224 2289 1321 2355 Petri

376 2388 418 2450 de
442 2387 592 2451 Rivallis
615 2388 670 2452 vel
694 2396 880 2470 precepto,
904 2389 962 2452 vix
989 2388 1128 2470 aliquod
1157 2407 1322 2471 maguum

377 2486 551 2567 negotium
579 2486 618 2549 fit
640 2486 676 2549 in
711 2506 830 2568 regno,
863 2487 953 2551 unde
981 2494 1119 2551 constat
1140 2488 1233 2569 qnod
1258 2510 1321 2555 vos

377 2605 444 2649 non
462 2586 590 2649 habent
605 2606 668 2667 pro
684 2605 775 2667 rege.
829 2586 931 2664 Item,
946 2605 1008 2668 per
1030 2586 1120 2649 idem
1136 2588 1321 2652 consilium

377 2686 552 2748 naturales
575 2685 729 2749 homines
747 2684 790 2749 de
812 2705 918 2767 regno
935 2693 1051 2749 vestro
1068 2684 1111 2748 de
1131 2687 1229 2750 curia
1244 2707 1321 2751 ves-

376 2791 431 2846 tra
457 2784 594 2867 expulsi
624 2791 717 2862 sunt,
747 2783 839 2848 unde
870 2784 1059 2848 timendum
1091 2791 1146 2847 est
1174 2793 1246 2849 tam
1278 2787 1320 2850 de

376 2881 473 2947 vobis
490 2903 594 2965 quam
612 2883 654 2948 de
676 2903 795 2964 regno,
812 2903 888 2947 cum
907 2883 1091 2947 videamini
1115 2885 1226 2965 magis
1241 2905 1319 2949 esso

375 2981 409 3044 in
435 3002 553 3046 eorum
584 2990 769 3064 potestate,
791 3002 893 3065 quam
920 2983 986 3065 ipsi
1015 2983 1049 3046 in
1072 2990 1202 3061 vestra,
1227 2985 1318 3049 sicut

374 3100 436 3160 per
452 3082 601 3162 plurima
622 3089 759 3145 constat
776 3081 947 3163 exempla.
1002 3080 1103 3158 Item,
1120 3083 1204 3164 qula
1220 3085 1318 3165 puel·

374 3177 442 3240 lam
470 3180 662 3244 Britanniae
687 3188 723 3244 et
746 3199 896 3244 sororem
920 3188 1070 3244 vestram
1097 3180 1228 3246 habent
1254 3185 1319 3248 sub

373 3284 547 3356 potestate
569 3298 645 3355 sua,
664 3286 699 3342 ct
719 3278 806 3343 allas
825 3279 941 3362 plnres
966 3280 1101 3362 puellas
1126 3281 1261 3346 nobiles
1284 3291 1319 3347 et

371 3374 545 3453 mulieres,
573 3397 651 3440 cum
671 3379 797 3442 wardis
820 3398 862 3442 ac
893 3380 1098 3461 maritagiis,
1117 3399 1207 3462 quas
1231 3381 1319 3446 dant

371 3474 444 3536 suis
476 3482 511 3538 et
535 3476 773 3558 disparagant.
833 3477 935 3555 Item,
958 3480 1041 3560 qnia
1066 3478 1179 3560 legem
1202 3487 1317 3559 terrae,

364 3573 521 3656 juratam
550 3583 585 3639 et
601 3575 839 3640 confirmatam
865 3584 970 3659 atque
995 3596 1057 3659 per
1079 3581 1318 3644 excommuni-

369 3674 539 3737 cationem
573 3676 782 3752 roboratam,
810 3677 940 3758 pariter
972 3683 1008 3739 et
1028 3675 1205 3759 justitiam
1232 3698 1316 3743 con·

369 3770 518 3836 fundunt
542 3781 577 3837 et
598 3782 821 3855 pervertunt;
852 3774 942 3838 unde
964 3774 1154 3839 timendum
1179 3785 1246 3856 est,
1273 3800 1318 3844 ne

369 3871 440 3933 siut
462 3873 764 3951 excommunicati,
791 3882 827 3937 et
848 3893 911 3937 vos
935 3874 1221 3940 communicando
1251 3880 1315 3944 eis.

369 3968 471 4048 Item,
495 3971 576 4052 quia
603 3992 670 4037 non
698 3975 886 4037 observant
908 3973 1011 4037 alicui
1039 3975 1317 4057 promissionem,

366 4067 480 4147 fidem,
491 4071 546 4134 vel
559 4071 808 4154 juramentum,
820 4072 872 4136 vol
886 4073 1105 4155 scripturam,
1118 4093 1181 4138 nec
1193 4075 1317 4142 ument

363 4171 776 4252 excommunicationem
801 4173 892 4236 unde
915 4173 974 4254 qui
992 4191 1014 4235 a
1032 4173 1179 4238 veritate
1202 4196 1318 4242 reces-
