2978 4996
468 448 606 496 anonas
630 449 900 498 nasronmnun.
1100 435 1163 498 181

209 603 303 683 quod
326 605 498 668 maximus
517 607 706 688 imperator
726 606 908 683 morietur;
939 613 973 669 et
992 616 1071 688 post
1087 608 1162 673 illo·
1178 620 1299 661 awa·

211 721 287 765 rum
304 702 471 767 diluvium
488 713 666 769 ventorum
682 706 784 788 pauci
801 706 1027 768 remanebunt
1044 708 1162 771 viven-

212 808 277 877 tes,
309 803 369 866 sed
395 812 568 886 quotquot
594 805 820 868 remanebunt
847 803 978 868 deliciis
1013 805 1160 869 divitiis-

212 918 280 981 que
295 901 453 982 affluent;
473 905 602 967 orietur
619 904 779 967 dubietas
796 904 887 966 inter
904 903 1108 981 Saracenos,
1126 915 1161 970 et

211 999 408 1084 relinquent
426 1003 656 1066 mahumerias
682 1022 764 1066 suas
791 1009 825 1065 et
846 1001 929 1066 fient
952 1022 1059 1065 unum
1082 1022 1160 1068 cum

210 1097 429 1164 Christianis.
482 1101 635 1185 Ideoque
657 1120 730 1177 noS,
753 1120 831 1165 cum
852 1101 1011 1164 omuibus
1034 1104 1161 1184 magis-

210 1201 360 1263 tratibus
396 1208 501 1282 atque
531 1199 774 1264 consodalibus
806 1201 933 1263 nostris
972 1201 1160 1283 peritisque

210 1299 397 1379 astrologis
426 1298 644 1375 Tboletanis,
681 1299 745 1362 hoc
779 1301 1028 1381 comperientes
1059 1302 1158 1364 vobis

210 1397 373 1460 duximus
410 1397 644 1475 revelandum,
676 1397 897 1481 injungentes
924 1399 957 1460 in
986 1399 1157 1462 remissio-

210 1515 286 1560 nem
304 1506 524 1579 peccatorum
542 1504 577 1561 et
592 1497 859 1578 redemptionem
877 1498 1067 1560 animarum
1081 1517 1158 1562 ves·

209 1601 352 1672 trarum,
369 1605 539 1679 quatenus
558 1596 623 1659 boc
642 1595 801 1660 reveletis
819 1597 1059 1676 ignorantibus
1076 1617 1157 1679 pro·

211 1693 426 1777 ridentisque
446 1695 544 1759 vobis
566 1694 623 1758 ubi
648 1694 811 1758 habitetis
833 1695 914 1757 dum
937 1697 1032 1759 venti
1054 1696 1158 1760 dura·

211 1793 320 1872 bunt;
344 1794 477 1857 flabunt
494 1795 583 1858 enim
604 1796 640 1857 in
664 1812 780 1857 mense
802 1792 1006 1876 Septembri,
1023 1804 1058 1857 et
1074 1805 1157 1858 tunc

209 1912 315 1974 super
329 1901 421 1957 terra
438 1894 499 1957 vix
514 1893 711 1957 invenietur
726 1891 859 1955 mansio
878 1910 1010 1954 secura.
1057 1891 1155 1956 Prae·

208 1993 340 2074 paretis
353 2012 437 2074 ergo
449 2011 617 2056 cavernas
631 1994 667 2055 in
682 1990 826 2074 planitie
837 1988 1049 2053 circumdata
1061 2011 1157 2054 mou·

210 2091 313 2167 tibus,
332 2111 400 2155 non
418 2093 584 2168 arenosis,
602 2112 671 2155 non
694 2090 875 2167 sabulosis,
899 2090 1036 2172 sintque
1055 2110 1155 2173 oper-

210 2199 257 2254 tae
279 2191 447 2268 trabibus,
470 2197 505 2253 et
526 2198 652 2254 terram
676 2190 823 2270 desuper
846 2190 976 2271 ponite,
1000 2208 1063 2252 nec
1086 2190 1156 2253 sint

210 2290 352 2352 arbores
364 2291 454 2366 sitae,
466 2291 592 2372 quibus
602 2288 768 2353 orificium
783 2307 941 2352 cavernae
956 2289 1064 2370 possit
1075 2308 1156 2370 ope-

209 2387 282 2464 riri,
305 2395 340 2451 et
362 2390 564 2470 praeparetis
588 2389 634 2451 ibi
655 2388 751 2452 vobis
775 2388 903 2450 cibaria
926 2388 1157 2470 quadraginta

210 2487 343 2550 dierum
360 2509 368 2567 ;
392 2496 428 2551 et
443 2488 561 2551 sciatis
583 2486 675 2570 quod
699 2487 873 2550 nobiscum
893 2487 1104 2551 concordant
1121 2496 1156 2550 et

210 2587 421 2651 conveniunt
444 2606 563 2649 omnes
589 2585 784 2668 philosophi
810 2587 998 2649 astronomi
1025 2585 1156 2666 Hispa-

211 2686 291 2762 niae,
306 2684 466 2762 Graeciae,
481 2685 633 2761 Arabiae,
650 2683 825 2747 Armeniae
843 2693 878 2748 et
894 2684 1048 2748 Hebraei.
1082 2682 1157 2746 Au·

210 2784 360 2848 divimus
388 2786 477 2847 enim
505 2785 597 2865 quod
632 2781 853 2846 Manichinus
886 2802 946 2844 rex
978 2782 1158 2845 constituit

212 2884 334 2947 turrim
362 2883 563 2947 excellentis
591 2881 739 2959 aedificii,
767 2880 1046 2964 coadjuvantque
1079 2898 1155 2942 eum

211 3002 330 3047 omnes
353 2983 457 3046 vicini
481 2983 547 3058 sui,
565 2989 599 3045 et
617 2983 683 3045 erit
700 2981 805 3044 turris
825 2981 867 3044 ad
887 2982 996 3043 instar
1015 2980 1156 3042 maximi

211 3082 349 3144 montis.
397 3082 476 3146 Hoc
493 3089 609 3144 autem
625 3080 769 3143 dicimus
785 3080 828 3142 de
843 3099 924 3160 rege
939 3079 1068 3155 Siculo,
1080 3098 1157 3161 quae

212 3181 311 3244 nobis
326 3181 480 3263 pericula
496 3180 668 3244 videntur.
722 3179 818 3243 Nihil
839 3200 923 3261 ergo
942 3179 978 3241 in
996 3179 1158 3259 praesenti

211 3287 344 3343 restare
360 3281 496 3345 ridetur
515 3280 644 3361 populo
662 3277 870 3354 Christiane,
891 3278 957 3342 nisi
975 3285 1014 3341 ut
1031 3277 1158 3358 singuli

211 3387 247 3443 et
268 3380 421 3443 universi
449 3379 500 3441 ita
526 3397 721 3460 praeparare
750 3378 913 3442 studeant
932 3379 1159 3441 conscientias

212 3497 295 3541 suas
319 3497 381 3560 per
401 3478 644 3558 poenitentiam
671 3477 893 3553 fructuosam,
915 3495 975 3558 per
997 3476 1159 3538 humilem

211 3585 246 3641 et
269 3595 392 3659 puram
416 3576 679 3653 confessionem,
704 3596 765 3658 per
787 3575 1060 3640 satisfactionem
1079 3592 1160 3634 con-

211 3675 366 3757 dignam,
393 3695 436 3739 na
463 3675 615 3740 venienti
643 3675 779 3757 Sponso
801 3675 920 3738 vacuis
942 3678 1161 3735 occurrentes

211 3773 441 3857 lampadibus,
459 3793 535 3837 cum
557 3773 662 3836 fatuis
680 3773 870 3854 virginibus
885 3772 998 3836 oleum
1017 3789 1084 3832 non
1101 3768 1163 3831 ha-

211 3874 385 3949 bentibus,
395 3873 554 3957 januam,
568 3873 658 3955 quod
676 3872 780 3948 absit,
796 3871 975 3934 inveniant
990 3869 1162 3946 clausam;

209 3972 270 4036 sed
300 3992 377 4035 cum
406 3972 634 4055 prudentibus
662 3972 778 4053 potius
804 3968 1009 4048 virginibus,
1031 3967 1164 4047 lampa-

209 4072 311 4134 dibus
333 4073 485 4146 ornatis,
515 4090 593 4133 cum
620 4070 757 4153 Sponso
782 4068 924 4131 introire
955 4067 998 4128 ad
1027 4067 1165 4146 nuptias

210 4178 423 4235 mereantur.
492 4169 672 4234 Credimus
703 4170 791 4231 enim
824 4166 1042 4242 fiducialiter,
1074 4165 1165 4248 quod
