<?xml version="1.0" encoding="UTF-8"?>
<!DOCTYPE html PUBLIC "-//W3C//DTD XHTML 1.0 Transitional//EN"
    "http://www.w3.org/TR/xhtml1/DTD/xhtml1-transitional.dtd">
<html xmlns="http://www.w3.org/1999/xhtml" xml:lang="en" lang="en">
 <head>
  <title>
</title>
<meta http-equiv="Content-Type" content="text/html;charset=utf-8" />
  <meta name='ocr-system' content='tesseract 3.04.00' />
  <meta name='ocr-capabilities' content='ocr_page ocr_carea ocr_par ocr_line ocrx_word'/>
</head>
<body>
  <div class='ocr_page' id='page_1' title='image "./rogeridewendove02rogegoog_0158.png"; bbox 0 0 2978 4996; ppageno 0'>
   <div class='ocr_carea' id='block_1_1' title="bbox 413 412 1105 476">
    <p class='ocr_par' dir='ltr' id='par_1_1' title="bbox 413 412 1105 476">
     <span class='ocr_line' id='line_1_1' title="bbox 413 412 1105 476; baseline 0.004 -4"><span class='ocrx_word' id='word_1_1' title='bbox 413 425 552 474; x_wconf 73' lang='lat' dir='ltr'><strong>secans</strong></span> <span class='ocrx_word' id='word_1_2' title='bbox 576 425 847 475; x_wconf 79' lang='lat' dir='ltr'><strong>ursroamauu.</strong></span> <span class='ocrx_word' id='word_1_3' title='bbox 1040 412 1105 476; x_wconf 84' lang='grc'><strong>147</strong></span> 
     </span>
    </p>
   </div>
   <div class='ocr_carea' id='block_1_2' title="bbox 149 580 1252 3621">
    <p class='ocr_par' dir='ltr' id='par_1_2' title="bbox 149 580 1252 3621">
     <span class='ocr_line' id='line_1_2' title="bbox 150 580 1237 666; baseline 0.006 -24"><span class='ocrx_word' id='word_1_4' title='bbox 150 580 243 661; x_wconf 87' lang='lat' dir='ltr'><strong>quod</strong></span> <span class='ocrx_word' id='word_1_5' title='bbox 272 581 357 658; x_wconf 86' lang='lat' dir='ltr'><strong>dux,</strong></span> <span class='ocrx_word' id='word_1_6' title='bbox 384 583 559 665; x_wconf 86' lang='lat' dir='ltr'><strong>requisitis</strong></span> <span class='ocrx_word' id='word_1_7' title='bbox 590 603 695 666; x_wconf 91' lang='lat' dir='ltr'><strong>super</strong></span> <span class='ocrx_word' id='word_1_8' title='bbox 721 584 794 648; x_wconf 87' lang='lat' dir='ltr'><strong>haec</strong></span> <span class='ocrx_word' id='word_1_9' title='bbox 818 585 969 648; x_wconf 86' lang='lat' dir='ltr'><strong>consiliis</strong></span> <span class='ocrx_word' id='word_1_10' title='bbox 992 594 1028 649; x_wconf 95' lang='lat' dir='ltr'><strong>et</strong></span> <span class='ocrx_word' id='word_1_11' title='bbox 1051 602 1237 649; x_wconf 74' lang='lat' dir='ltr'><strong>re-A·1&gt;·122⁷·</strong></span> 
     </span>
     <span class='ocr_line' id='line_1_3' title="bbox 150 652 1252 790; baseline 0.006 -49"><span class='ocrx_word' id='word_1_12' title='bbox 150 681 272 761; x_wconf 87' lang='lat' dir='ltr'><strong>ceptis,</strong></span> <span class='ocrx_word' id='word_1_13' title='bbox 290 681 345 743; x_wconf 94' lang='lat' dir='ltr'><strong>die</strong></span> <span class='ocrx_word' id='word_1_14' title='bbox 364 680 512 762; x_wconf 89' lang='lat' dir='ltr'><strong>quodam</strong></span> <span class='ocrx_word' id='word_1_15' title='bbox 536 681 734 763; x_wconf 82' lang='lat' dir='ltr'><strong>specialiter</strong></span> <span class='ocrx_word' id='word_1_16' title='bbox 759 684 802 745; x_wconf 92' lang='lat' dir='ltr'><strong>ad</strong></span> <span class='ocrx_word' id='word_1_17' title='bbox 832 684 896 747; x_wconf 92' lang='lat' dir='ltr'><strong>hoc</strong></span> <span class='ocrx_word' id='word_1_18' title='bbox 925 685 1102 764; x_wconf 87' lang='lat' dir='ltr'><strong>assignato</strong></span> <span class='ocrx_word' id='word_1_19' title='bbox 1113 652 1252 790; x_wconf 50' lang='lat' dir='ltr'><strong>{plffill‘tl&#39;er</strong></span> 
     </span>
     <span class='ocr_line' id='line_1_4' title="bbox 150 781 1209 862; baseline 0.005 -21"><span class='ocrx_word' id='word_1_20' title='bbox 150 781 344 861; x_wconf 83' lang='lat' dir='ltr'><strong>comparuit</strong></span> <span class='ocrx_word' id='word_1_21' title='bbox 369 799 485 843; x_wconf 89' lang='lat' dir='ltr'><strong>coram</strong></span> <span class='ocrx_word' id='word_1_22' title='bbox 511 782 610 844; x_wconf 88' lang='lat' dir='ltr'><strong>nobis</strong></span> <span class='ocrx_word' id='word_1_23' title='bbox 637 788 673 844; x_wconf 91' lang='lat' dir='ltr'><strong>et</strong></span> <span class='ocrx_word' id='word_1_24' title='bbox 696 782 902 862; x_wconf 91' lang='lat' dir='ltr'><strong>quibusdam</strong></span> <span class='ocrx_word' id='word_1_25' title='bbox 930 784 1102 846; x_wconf 91' lang='lat' dir='ltr'><strong>nobilibus</strong></span> <span class='ocrx_word' id='word_1_26' title='bbox 1114 801 1209 840; x_wconf 69' lang='lat' dir='ltr'><strong>eruam</strong></span> 
     </span>
     <span class='ocr_line' id='line_1_5' title="bbox 149 878 1102 963; baseline 0.005 -22"><span class='ocrx_word' id='word_1_27' title='bbox 149 884 251 941; x_wconf 84' lang='lat' dir='ltr'><strong>terrae</strong></span> <span class='ocrx_word' id='word_1_28' title='bbox 278 878 384 956; x_wconf 78' lang='lat' dir='ltr'><strong>illiue,</strong></span> <span class='ocrx_word' id='word_1_29' title='bbox 413 880 472 942; x_wconf 92' lang='lat' dir='ltr'><strong>ubi</strong></span> <span class='ocrx_word' id='word_1_30' title='bbox 499 880 681 961; x_wconf 87' lang='lat' dir='ltr'><strong>proposuit</strong></span> <span class='ocrx_word' id='word_1_31' title='bbox 713 881 848 962; x_wconf 90' lang='lat' dir='ltr'><strong>publice</strong></span> <span class='ocrx_word' id='word_1_32' title='bbox 881 881 973 963; x_wconf 92' lang='lat' dir='ltr'><strong>quod</strong></span> <span class='ocrx_word' id='word_1_33' title='bbox 1008 882 1102 946; x_wconf 86' lang='lat' dir='ltr'><strong>vole·</strong></span> 
     </span>
     <span class='ocr_line' id='line_1_6' title="bbox 150 976 1103 1059; baseline 0.006 -20"><span class='ocrx_word' id='word_1_34' title='bbox 150 976 212 1040; x_wconf 90' lang='lat' dir='ltr'><strong>bat</strong></span> <span class='ocrx_word' id='word_1_35' title='bbox 245 987 403 1058; x_wconf 75' lang='lat' dir='ltr'><strong>treugam</strong></span> <span class='ocrx_word' id='word_1_36' title='bbox 434 978 634 1059; x_wconf 82' lang='lat' dir='ltr'><strong>infringere,</strong></span> <span class='ocrx_word' id='word_1_37' title='bbox 662 986 708 1054; x_wconf 92' lang='lat' dir='ltr'><strong>et,</strong></span> <span class='ocrx_word' id='word_1_38' title='bbox 732 979 881 1059; x_wconf 83' lang='lat' dir='ltr'><strong>qualiter</strong></span> <span class='ocrx_word' id='word_1_39' title='bbox 912 980 1033 1044; x_wconf 86' lang='lat' dir='ltr'><strong>utilius</strong></span> <span class='ocrx_word' id='word_1_40' title='bbox 1062 1000 1103 1045; x_wconf 91' lang='lat' dir='ltr'><strong>ac</strong></span> 
     </span>
     <span class='ocr_line' id='line_1_7' title="bbox 149 1076 1103 1161; baseline 0.004 -24"><span class='ocrx_word' id='word_1_41' title='bbox 149 1076 272 1139; x_wconf 90' lang='lat' dir='ltr'><strong>melius</strong></span> <span class='ocrx_word' id='word_1_42' title='bbox 294 1077 331 1138; x_wconf 89' lang='lat' dir='ltr'><strong>in</strong></span> <span class='ocrx_word' id='word_1_43' title='bbox 352 1076 417 1140; x_wconf 90' lang='lat' dir='ltr'><strong>hac</strong></span> <span class='ocrx_word' id='word_1_44' title='bbox 449 1085 546 1158; x_wconf 90' lang='lat' dir='ltr'><strong>parte</strong></span> <span class='ocrx_word' id='word_1_45' title='bbox 570 1077 701 1140; x_wconf 86' lang='lat' dir='ltr'><strong>valeret</strong></span> <span class='ocrx_word' id='word_1_46' title='bbox 724 1080 921 1159; x_wconf 88' lang='lat' dir='ltr'><strong>procedere,</strong></span> <span class='ocrx_word' id='word_1_47' title='bbox 949 1080 1103 1161; x_wconf 90' lang='lat' dir='ltr'><strong>ipsorum</strong></span> 
     </span>
     <span class='ocr_line' id='line_1_8' title="bbox 151 1175 1102 1257; baseline 0.005 -21"><span class='ocrx_word' id='word_1_48' title='bbox 151 1175 320 1237; x_wconf 86' lang='lat' dir='ltr'><strong>auxilinm</strong></span> <span class='ocrx_word' id='word_1_49' title='bbox 348 1183 384 1238; x_wconf 89' lang='lat' dir='ltr'><strong>et</strong></span> <span class='ocrx_word' id='word_1_50' title='bbox 407 1175 587 1238; x_wconf 87' lang='lat' dir='ltr'><strong>consilium</strong></span> <span class='ocrx_word' id='word_1_51' title='bbox 612 1176 830 1257; x_wconf 84' lang='lat' dir='ltr'><strong>implorabat.</strong></span> <span class='ocrx_word' id='word_1_52' title='bbox 876 1177 1007 1241; x_wconf 88' lang='lat' dir='ltr'><strong>Verum</strong></span> <span class='ocrx_word' id='word_1_53' title='bbox 1025 1198 1102 1241; x_wconf 90' lang='lat' dir='ltr'><strong>cum</strong></span> 
     </span>
     <span class='ocr_line' id='line_1_9' title="bbox 151 1272 1102 1358; baseline 0.005 -23"><span class='ocrx_word' id='word_1_54' title='bbox 151 1272 218 1354; x_wconf 88' lang='lat' dir='ltr'><strong>ipsi</strong></span> <span class='ocrx_word' id='word_1_55' title='bbox 234 1274 314 1336; x_wconf 90' lang='lat' dir='ltr'><strong>duci</strong></span> <span class='ocrx_word' id='word_1_56' title='bbox 335 1281 371 1337; x_wconf 92' lang='lat' dir='ltr'><strong>et</strong></span> <span class='ocrx_word' id='word_1_57' title='bbox 386 1274 592 1358; x_wconf 89' lang='lat' dir='ltr'><strong>quibusdam</strong></span> <span class='ocrx_word' id='word_1_58' title='bbox 609 1275 813 1338; x_wconf 87' lang='lat' dir='ltr'><strong>consiliariis</strong></span> <span class='ocrx_word' id='word_1_59' title='bbox 830 1277 902 1339; x_wconf 89' lang='lat' dir='ltr'><strong>suis</strong></span> <span class='ocrx_word' id='word_1_60' title='bbox 919 1276 1102 1354; x_wconf 87' lang='lat' dir='ltr'><strong>diceretur,</strong></span> 
     </span>
     <span class='ocr_line' id='line_1_10' title="bbox 150 1372 1101 1456; baseline 0.006 -23"><span class='ocrx_word' id='word_1_61' title='bbox 150 1372 242 1453; x_wconf 93' lang='lat' dir='ltr'><strong>quod</strong></span> <span class='ocrx_word' id='word_1_62' title='bbox 257 1380 415 1453; x_wconf 88' lang='lat' dir='ltr'><strong>treugam</strong></span> <span class='ocrx_word' id='word_1_63' title='bbox 432 1394 590 1456; x_wconf 85' lang='lat' dir='ltr'><strong>rumpere</strong></span> <span class='ocrx_word' id='word_1_64' title='bbox 607 1374 835 1454; x_wconf 85' lang='lat' dir='ltr'><strong>periculosum</strong></span> <span class='ocrx_word' id='word_1_65' title='bbox 851 1383 955 1452; x_wconf 87' lang='lat' dir='ltr'><strong>esset,</strong></span> <span class='ocrx_word' id='word_1_66' title='bbox 966 1384 1013 1452; x_wconf 90' lang='lat' dir='ltr'><strong>et,</strong></span> <span class='ocrx_word' id='word_1_67' title='bbox 1024 1396 1101 1439; x_wconf 91' lang='lat' dir='ltr'><strong>cum</strong></span> 
     </span>
     <span class='ocr_line' id='line_1_11' title="bbox 154 1469 1102 1555; baseline 0.007 -24"><span class='ocrx_word' id='word_1_68' title='bbox 154 1469 275 1534; x_wconf 87' lang='lat' dir='ltr'><strong>suisset</strong></span> <span class='ocrx_word' id='word_1_69' title='bbox 298 1472 497 1554; x_wconf 89' lang='lat' dir='ltr'><strong>juramento</strong></span> <span class='ocrx_word' id='word_1_70' title='bbox 528 1473 677 1549; x_wconf 88' lang='lat' dir='ltr'><strong>firmata,</strong></span> <span class='ocrx_word' id='word_1_71' title='bbox 706 1474 843 1555; x_wconf 88' lang='lat' dir='ltr'><strong>penitus</strong></span> <span class='ocrx_word' id='word_1_72' title='bbox 870 1474 1102 1550; x_wconf 89' lang='lat' dir='ltr'><strong>inhonestum,</strong></span> 
     </span>
     <span class='ocr_line' id='line_1_12' title="bbox 151 1570 1103 1654; baseline 0.005 -23"><span class='ocrx_word' id='word_1_73' title='bbox 151 1570 415 1651; x_wconf 87' lang='lat' dir='ltr'><strong>responderunt,</strong></span> <span class='ocrx_word' id='word_1_74' title='bbox 429 1572 521 1653; x_wconf 91' lang='lat' dir='ltr'><strong>quod</strong></span> <span class='ocrx_word' id='word_1_75' title='bbox 536 1572 695 1634; x_wconf 85' lang='lat' dir='ltr'><strong>dominus</strong></span> <span class='ocrx_word' id='word_1_76' title='bbox 718 1591 810 1654; x_wconf 89' lang='lat' dir='ltr'><strong>papa</strong></span> <span class='ocrx_word' id='word_1_77' title='bbox 826 1575 1103 1637; x_wconf 88' lang='lat' dir='ltr'><strong>excommnnica-</strong></span> 
     </span>
     <span class='ocr_line' id='line_1_13' title="bbox 151 1671 1101 1752; baseline 0.005 -22"><span class='ocrx_word' id='word_1_78' title='bbox 151 1676 251 1731; x_wconf 85' lang='lat' dir='ltr'><strong>verat</strong></span> <span class='ocrx_word' id='word_1_79' title='bbox 265 1688 383 1732; x_wconf 90' lang='lat' dir='ltr'><strong>omues</strong></span> <span class='ocrx_word' id='word_1_80' title='bbox 399 1689 500 1733; x_wconf 91' lang='lat' dir='ltr'><strong>cruce</strong></span> <span class='ocrx_word' id='word_1_81' title='bbox 518 1671 687 1751; x_wconf 87' lang='lat' dir='ltr'><strong>signatos,</strong></span> <span class='ocrx_word' id='word_1_82' title='bbox 705 1671 765 1750; x_wconf 93' lang='lat' dir='ltr'><strong>qui</strong></span> <span class='ocrx_word' id='word_1_83' title='bbox 788 1671 825 1733; x_wconf 90' lang='lat' dir='ltr'><strong>in</strong></span> <span class='ocrx_word' id='word_1_84' title='bbox 845 1671 914 1735; x_wconf 88' lang='lat' dir='ltr'><strong>isto</strong></span> <span class='ocrx_word' id='word_1_85' title='bbox 937 1673 1101 1752; x_wconf 87' lang='lat' dir='ltr'><strong>passagio</strong></span> 
     </span>
     <span class='ocr_line' id='line_1_14' title="bbox 150 1767 1103 1851; baseline 0.003 -22"><span class='ocrx_word' id='word_1_86' title='bbox 150 1786 219 1830; x_wconf 89' lang='lat' dir='ltr'><strong>non</strong></span> <span class='ocrx_word' id='word_1_87' title='bbox 242 1770 442 1845; x_wconf 88' lang='lat' dir='ltr'><strong>transirent,</strong></span> <span class='ocrx_word' id='word_1_88' title='bbox 471 1769 531 1849; x_wconf 93' lang='lat' dir='ltr'><strong>qui</strong></span> <span class='ocrx_word' id='word_1_89' title='bbox 560 1768 693 1832; x_wconf 88' lang='lat' dir='ltr'><strong>sciebat</strong></span> <span class='ocrx_word' id='word_1_90' title='bbox 721 1767 833 1830; x_wconf 90' lang='lat' dir='ltr'><strong>adhuc</strong></span> <span class='ocrx_word' id='word_1_91' title='bbox 856 1776 1016 1849; x_wconf 84' lang='lat' dir='ltr'><strong>treugam</strong></span> <span class='ocrx_word' id='word_1_92' title='bbox 1041 1790 1103 1851; x_wconf 89' lang='lat' dir='ltr'><strong>per</strong></span> 
     </span>
     <span class='ocr_line' id='line_1_15' title="bbox 149 1865 1101 1948; baseline 0.003 -20"><span class='ocrx_word' id='word_1_93' title='bbox 149 1865 325 1930; x_wconf 87' lang='lat' dir='ltr'><strong>biennium</strong></span> <span class='ocrx_word' id='word_1_94' title='bbox 351 1867 577 1944; x_wconf 91' lang='lat' dir='ltr'><strong>duraturam;</strong></span> <span class='ocrx_word' id='word_1_95' title='bbox 602 1886 643 1930; x_wconf 89' lang='lat' dir='ltr'><strong>ac</strong></span> <span class='ocrx_word' id='word_1_96' title='bbox 670 1885 732 1948; x_wconf 87' lang='lat' dir='ltr'><strong>per</strong></span> <span class='ocrx_word' id='word_1_97' title='bbox 756 1865 821 1929; x_wconf 89' lang='lat' dir='ltr'><strong>hoc</strong></span> <span class='ocrx_word' id='word_1_98' title='bbox 847 1867 1101 1948; x_wconf 81' lang='lat' dir='ltr'><strong>intelligebant,</strong></span> 
     </span>
     <span class='ocr_line' id='line_1_16' title="bbox 151 1964 1101 2047; baseline 0.001 -20"><span class='ocrx_word' id='word_1_99' title='bbox 151 1965 243 2046; x_wconf 92' lang='lat' dir='ltr'><strong>quod</strong></span> <span class='ocrx_word' id='word_1_100' title='bbox 258 1964 398 2029; x_wconf 84' lang='lat' dir='ltr'><strong>volebat</strong></span> <span class='ocrx_word' id='word_1_101' title='bbox 420 1974 579 2047; x_wconf 90' lang='lat' dir='ltr'><strong>treugam</strong></span> <span class='ocrx_word' id='word_1_102' title='bbox 597 1984 665 2029; x_wconf 92' lang='lat' dir='ltr'><strong>non</strong></span> <span class='ocrx_word' id='word_1_103' title='bbox 682 1965 825 2040; x_wconf 90' lang='lat' dir='ltr'><strong>servari,</strong></span> <span class='ocrx_word' id='word_1_104' title='bbox 843 1984 906 2028; x_wconf 90' lang='lat' dir='ltr'><strong>nec</strong></span> <span class='ocrx_word' id='word_1_105' title='bbox 924 1966 990 2046; x_wconf 89' lang='lat' dir='ltr'><strong>ipsi</strong></span> <span class='ocrx_word' id='word_1_106' title='bbox 1007 1985 1101 2047; x_wconf 89' lang='lat' dir='ltr'><strong>pere-</strong></span> 
     </span>
     <span class='ocr_line' id='line_1_17' title="bbox 152 2064 1101 2144; baseline 0.001 -18"><span class='ocrx_word' id='word_1_107' title='bbox 152 2064 242 2144; x_wconf 89' lang='lat' dir='ltr'><strong>grini</strong></span> <span class='ocrx_word' id='word_1_108' title='bbox 272 2065 320 2128; x_wconf 93' lang='lat' dir='ltr'><strong>ibi</strong></span> <span class='ocrx_word' id='word_1_109' title='bbox 344 2083 521 2129; x_wconf 89' lang='lat' dir='ltr'><strong>remanere</strong></span> <span class='ocrx_word' id='word_1_110' title='bbox 549 2065 713 2128; x_wconf 88' lang='lat' dir='ltr'><strong>volebant</strong></span> <span class='ocrx_word' id='word_1_111' title='bbox 740 2064 961 2144; x_wconf 89' lang='lat' dir='ltr'><strong>aliquatenus</strong></span> <span class='ocrx_word' id='word_1_112' title='bbox 986 2064 1101 2128; x_wconf 92' lang='lat' dir='ltr'><strong>otiosi.</strong></span> 
     </span>
     <span class='ocr_line' id='line_1_18' title="bbox 152 2162 1103 2246; baseline 0.002 -22"><span class='ocrx_word' id='word_1_113' title='bbox 152 2162 263 2226; x_wconf 87' lang='lat' dir='ltr'><strong>Erant</strong></span> <span class='ocrx_word' id='word_1_114' title='bbox 277 2171 313 2226; x_wconf 91' lang='lat' dir='ltr'><strong>et</strong></span> <span class='ocrx_word' id='word_1_115' title='bbox 327 2164 427 2227; x_wconf 93' lang='lat' dir='ltr'><strong>multi</strong></span> <span class='ocrx_word' id='word_1_116' title='bbox 441 2164 501 2246; x_wconf 92' lang='lat' dir='ltr'><strong>qui</strong></span> <span class='ocrx_word' id='word_1_117' title='bbox 517 2164 688 2239; x_wconf 89' lang='lat' dir='ltr'><strong>dicebant,</strong></span> <span class='ocrx_word' id='word_1_118' title='bbox 705 2163 811 2245; x_wconf 91' lang='lat' dir='ltr'><strong>quod,</strong></span> <span class='ocrx_word' id='word_1_119' title='bbox 834 2164 864 2226; x_wconf 90' lang='lat' dir='ltr'><strong>si</strong></span> <span class='ocrx_word' id='word_1_120' title='bbox 886 2163 1103 2244; x_wconf 88' lang='lat' dir='ltr'><strong>contingeret</strong></span> 
     </span>
     <span class='ocr_line' id='line_1_19' title="bbox 152 2261 1102 2344; baseline 0.001 -20"><span class='ocrx_word' id='word_1_121' title='bbox 152 2261 309 2325; x_wconf 87' lang='lat' dir='ltr'><strong>recedere</strong></span> <span class='ocrx_word' id='word_1_122' title='bbox 326 2263 537 2344; x_wconf 89' lang='lat' dir='ltr'><strong>peregrinos,</strong></span> <span class='ocrx_word' id='word_1_123' title='bbox 552 2269 633 2344; x_wconf 86' lang='lat' dir='ltr'><strong>post</strong></span> <span class='ocrx_word' id='word_1_124' title='bbox 647 2282 818 2325; x_wconf 87' lang='lat' dir='ltr'><strong>recessum</strong></span> <span class='ocrx_word' id='word_1_125' title='bbox 841 2282 960 2325; x_wconf 90' lang='lat' dir='ltr'><strong>eorum</strong></span> <span class='ocrx_word' id='word_1_126' title='bbox 983 2263 1020 2326; x_wconf 93' lang='lat' dir='ltr'><strong>in</strong></span> <span class='ocrx_word' id='word_1_127' title='bbox 1042 2281 1102 2325; x_wconf 91' lang='lat' dir='ltr'><strong>eos</strong></span> 
     </span>
     <span class='ocr_line' id='line_1_20' title="bbox 150 2361 1102 2442; baseline 0.002 -20"><span class='ocrx_word' id='word_1_128' title='bbox 150 2361 371 2442; x_wconf 85' lang='lat' dir='ltr'><strong>insurgerent</strong></span> <span class='ocrx_word' id='word_1_129' title='bbox 386 2361 560 2435; x_wconf 89' lang='lat' dir='ltr'><strong>Saraceni,</strong></span> <span class='ocrx_word' id='word_1_130' title='bbox 579 2369 702 2441; x_wconf 84' lang='lat' dir='ltr'><strong>treuga</strong></span> <span class='ocrx_word' id='word_1_131' title='bbox 717 2362 968 2425; x_wconf 87' lang='lat' dir='ltr'><strong>nonobstante.</strong></span> <span class='ocrx_word' id='word_1_132' title='bbox 1022 2361 1102 2424; x_wconf 90' lang='lat' dir='ltr'><strong>Mo·</strong></span> 
     </span>
     <span class='ocr_line' id='line_1_21' title="bbox 150 2459 1101 2541; baseline 0.001 -19"><span class='ocrx_word' id='word_1_133' title='bbox 150 2460 201 2523; x_wconf 86' lang='lat' dir='ltr'><strong>vit</strong></span> <span class='ocrx_word' id='word_1_134' title='bbox 225 2469 394 2540; x_wconf 84' lang='lat' dir='ltr'><strong>praeterea</strong></span> <span class='ocrx_word' id='word_1_135' title='bbox 416 2460 596 2541; x_wconf 87' lang='lat' dir='ltr'><strong>quosdam,</strong></span> <span class='ocrx_word' id='word_1_136' title='bbox 620 2461 712 2540; x_wconf 91' lang='lat' dir='ltr'><strong>quod</strong></span> <span class='ocrx_word' id='word_1_137' title='bbox 728 2459 922 2524; x_wconf 90' lang='lat' dir='ltr'><strong>Coradinus</strong></span> <span class='ocrx_word' id='word_1_138' title='bbox 945 2479 1022 2523; x_wconf 91' lang='lat' dir='ltr'><strong>cum</strong></span> <span class='ocrx_word' id='word_1_139' title='bbox 1040 2460 1101 2523; x_wconf 94' lang='lat' dir='ltr'><strong>do-</strong></span> 
     </span>
     <span class='ocr_line' id='line_1_22' title="bbox 150 2557 1102 2640; baseline 0.002 -21"><span class='ocrx_word' id='word_1_140' title='bbox 150 2558 253 2620; x_wconf 90' lang='lat' dir='ltr'><strong>minis</strong></span> <span class='ocrx_word' id='word_1_141' title='bbox 285 2559 327 2622; x_wconf 91' lang='lat' dir='ltr'><strong>de</strong></span> <span class='ocrx_word' id='word_1_142' title='bbox 359 2557 501 2623; x_wconf 88' lang='lat' dir='ltr'><strong>Haman</strong></span> <span class='ocrx_word' id='word_1_143' title='bbox 533 2567 568 2622; x_wconf 95' lang='lat' dir='ltr'><strong>et</strong></span> <span class='ocrx_word' id='word_1_144' title='bbox 597 2558 640 2621; x_wconf 92' lang='lat' dir='ltr'><strong>de</strong></span> <span class='ocrx_word' id='word_1_145' title='bbox 667 2558 807 2622; x_wconf 89' lang='lat' dir='ltr'><strong>Camele</strong></span> <span class='ocrx_word' id='word_1_146' title='bbox 832 2566 867 2621; x_wconf 89' lang='lat' dir='ltr'><strong>et</strong></span> <span class='ocrx_word' id='word_1_147' title='bbox 891 2559 933 2621; x_wconf 90' lang='lat' dir='ltr'><strong>de</strong></span> <span class='ocrx_word' id='word_1_148' title='bbox 958 2557 1102 2640; x_wconf 89' lang='lat' dir='ltr'><strong>Halaph</strong></span> 
     </span>
     <span class='ocr_line' id='line_1_23' title="bbox 150 2656 1102 2739; baseline -0.001 -18"><span class='ocrx_word' id='word_1_149' title='bbox 150 2658 391 2738; x_wconf 81' lang='lat' dir='ltr'><strong>gravissimam</strong></span> <span class='ocrx_word' id='word_1_150' title='bbox 417 2659 561 2721; x_wconf 90' lang='lat' dir='ltr'><strong>haberet</strong></span> <span class='ocrx_word' id='word_1_151' title='bbox 589 2676 761 2739; x_wconf 88' lang='lat' dir='ltr'><strong>guerram,</strong></span> <span class='ocrx_word' id='word_1_152' title='bbox 784 2656 874 2719; x_wconf 91' lang='lat' dir='ltr'><strong>unde</strong></span> <span class='ocrx_word' id='word_1_153' title='bbox 899 2656 977 2738; x_wconf 91' lang='lat' dir='ltr'><strong>plns</strong></span> <span class='ocrx_word' id='word_1_154' title='bbox 998 2657 1102 2720; x_wconf 92' lang='lat' dir='ltr'><strong>solito</strong></span> 
     </span>
     <span class='ocr_line' id='line_1_24' title="bbox 150 2754 1101 2841; baseline -0.005 -21"><span class='ocrx_word' id='word_1_155' title='bbox 150 2756 260 2833; x_wconf 90' lang='lat' dir='ltr'><strong>timet,</strong></span> <span class='ocrx_word' id='word_1_156' title='bbox 287 2776 330 2820; x_wconf 90' lang='lat' dir='ltr'><strong>ne</strong></span> <span class='ocrx_word' id='word_1_157' title='bbox 359 2758 438 2841; x_wconf 87' lang='lat' dir='ltr'><strong>ipsa</strong></span> <span class='ocrx_word' id='word_1_158' title='bbox 466 2763 590 2837; x_wconf 91' lang='lat' dir='ltr'><strong>treuga</strong></span> <span class='ocrx_word' id='word_1_159' title='bbox 613 2775 634 2819; x_wconf 90' lang='lat' dir='ltr'><strong>a</strong></span> <span class='ocrx_word' id='word_1_160' title='bbox 662 2756 869 2820; x_wconf 86' lang='lat' dir='ltr'><strong>Christianis</strong></span> <span class='ocrx_word' id='word_1_161' title='bbox 900 2754 1101 2834; x_wconf 82' lang='lat' dir='ltr'><strong>frangatur3</strong></span> 
     </span>
     <span class='ocr_line' id='line_1_25' title="bbox 150 2851 1102 2937; baseline -0.003 -20"><span class='ocrx_word' id='word_1_162' title='bbox 150 2854 242 2937; x_wconf 89' lang='lat' dir='ltr'><strong>quod</strong></span> <span class='ocrx_word' id='word_1_163' title='bbox 266 2855 296 2918; x_wconf 88' lang='lat' dir='ltr'><strong>si</strong></span> <span class='ocrx_word' id='word_1_164' title='bbox 323 2855 434 2934; x_wconf 87' lang='lat' dir='ltr'><strong>fieret,</strong></span> <span class='ocrx_word' id='word_1_165' title='bbox 453 2855 658 2920; x_wconf 86' lang='lat' dir='ltr'><strong>credebatur</strong></span> <span class='ocrx_word' id='word_1_166' title='bbox 680 2853 771 2935; x_wconf 93' lang='lat' dir='ltr'><strong>quod</strong></span> <span class='ocrx_word' id='word_1_167' title='bbox 796 2851 1001 2927; x_wconf 85' lang='lat' dir='ltr'><strong>Coradinus,</strong></span> <span class='ocrx_word' id='word_1_168' title='bbox 1024 2871 1102 2915; x_wconf 92' lang='lat' dir='ltr'><strong>cum</strong></span> 
     </span>
     <span class='ocr_line' id='line_1_26' title="bbox 150 2951 1102 3034; baseline -0.004 -17"><span class='ocrx_word' id='word_1_169' title='bbox 150 2954 285 3018; x_wconf 89' lang='lat' dir='ltr'><strong>videret</strong></span> <span class='ocrx_word' id='word_1_170' title='bbox 307 2955 441 3033; x_wconf 85' lang='lat' dir='ltr'><strong>guerris</strong></span> <span class='ocrx_word' id='word_1_171' title='bbox 467 2974 504 3018; x_wconf 89' lang='lat' dir='ltr'><strong>se</strong></span> <span class='ocrx_word' id='word_1_172' title='bbox 531 2954 683 3034; x_wconf 91' lang='lat' dir='ltr'><strong>undique</strong></span> <span class='ocrx_word' id='word_1_173' title='bbox 709 2958 936 3028; x_wconf 88' lang='lat' dir='ltr'><strong>coarctatum,</strong></span> <span class='ocrx_word' id='word_1_174' title='bbox 962 2951 1102 3014; x_wconf 88' lang='lat' dir='ltr'><strong>deberet</strong></span> 
     </span>
     <span class='ocr_line' id='line_1_27' title="bbox 149 3050 1101 3136; baseline -0.001 -22"><span class='ocrx_word' id='word_1_175' title='bbox 149 3052 231 3117; x_wconf 89' lang='lat' dir='ltr'><strong>inde</strong></span> <span class='ocrx_word' id='word_1_176' title='bbox 246 3053 479 3117; x_wconf 89' lang='lat' dir='ltr'><strong>verisimiliter</strong></span> <span class='ocrx_word' id='word_1_177' title='bbox 499 3052 685 3136; x_wconf 86' lang='lat' dir='ltr'><strong>procedere</strong></span> <span class='ocrx_word' id='word_1_178' title='bbox 703 3053 843 3115; x_wconf 90' lang='lat' dir='ltr'><strong>verbum</strong></span> <span class='ocrx_word' id='word_1_179' title='bbox 862 3051 969 3132; x_wconf 91' lang='lat' dir='ltr'><strong>pacis.</strong></span> <span class='ocrx_word' id='word_1_180' title='bbox 1024 3050 1101 3113; x_wconf 92' lang='lat' dir='ltr'><strong>Ha·</strong></span> 
     </span>
     <span class='ocr_line' id='line_1_28' title="bbox 149 3151 1101 3235; baseline -0.002 -22"><span class='ocrx_word' id='word_1_181' title='bbox 149 3151 224 3214; x_wconf 92' lang='lat' dir='ltr'><strong>bito</strong></span> <span class='ocrx_word' id='word_1_182' title='bbox 238 3151 346 3233; x_wconf 87' lang='lat' dir='ltr'><strong>igitur</strong></span> <span class='ocrx_word' id='word_1_183' title='bbox 361 3153 530 3235; x_wconf 87' lang='lat' dir='ltr'><strong>superbis</strong></span> <span class='ocrx_word' id='word_1_184' title='bbox 547 3153 652 3233; x_wconf 88' lang='lat' dir='ltr'><strong>longo</strong></span> <span class='ocrx_word' id='word_1_185' title='bbox 667 3151 924 3215; x_wconf 85' lang='lat' dir='ltr'><strong>deliberationis</strong></span> <span class='ocrx_word' id='word_1_186' title='bbox 936 3157 1101 3225; x_wconf 90' lang='lat' dir='ltr'><strong>tractatu,</strong></span> 
     </span>
     <span class='ocr_line' id='line_1_29' title="bbox 150 3249 1101 3333; baseline -0.002 -20"><span class='ocrx_word' id='word_1_187' title='bbox 150 3250 291 3314; x_wconf 86' lang='lat' dir='ltr'><strong>tandem</strong></span> <span class='ocrx_word' id='word_1_188' title='bbox 308 3271 398 3314; x_wconf 89' lang='lat' dir='ltr'><strong>unus</strong></span> <span class='ocrx_word' id='word_1_189' title='bbox 421 3252 486 3315; x_wconf 84' lang='lat' dir='ltr'><strong>fuit</strong></span> <span class='ocrx_word' id='word_1_190' title='bbox 502 3252 660 3314; x_wconf 89' lang='lat' dir='ltr'><strong>omnibus</strong></span> <span class='ocrx_word' id='word_1_191' title='bbox 682 3251 825 3333; x_wconf 91' lang='lat' dir='ltr'><strong>spiritus</strong></span> <span class='ocrx_word' id='word_1_192' title='bbox 840 3257 875 3312; x_wconf 90' lang='lat' dir='ltr'><strong>et</strong></span> <span class='ocrx_word' id='word_1_193' title='bbox 892 3269 962 3313; x_wconf 86' lang='lat' dir='ltr'><strong>vox</strong></span> <span class='ocrx_word' id='word_1_194' title='bbox 980 3268 1050 3312; x_wconf 89' lang='lat' dir='ltr'><strong>una</strong></span> <span class='ocrx_word' id='word_1_195' title='bbox 1065 3249 1101 3311; x_wconf 88' lang='lat' dir='ltr'><strong>in</strong></span> 
     </span>
     <span class='ocr_line' id='line_1_30' title="bbox 150 3347 1101 3431; baseline -0.001 -20"><span class='ocrx_word' id='word_1_196' title='bbox 150 3358 309 3413; x_wconf 87' lang='lat' dir='ltr'><strong>sanctam</strong></span> <span class='ocrx_word' id='word_1_197' title='bbox 324 3351 466 3414; x_wconf 89' lang='lat' dir='ltr'><strong>tendere</strong></span> <span class='ocrx_word' id='word_1_198' title='bbox 489 3351 677 3426; x_wconf 86' lang='lat' dir='ltr'><strong>civitatem,</strong></span> <span class='ocrx_word' id='word_1_199' title='bbox 700 3369 803 3431; x_wconf 88' lang='lat' dir='ltr'><strong>quam</strong></span> <span class='ocrx_word' id='word_1_200' title='bbox 822 3349 979 3412; x_wconf 89' lang='lat' dir='ltr'><strong>dominus</strong></span> <span class='ocrx_word' id='word_1_201' title='bbox 996 3347 1018 3410; x_wconf 90' lang='lat' dir='ltr'>J</span> <span class='ocrx_word' id='word_1_202' title='bbox 1022 3367 1101 3411; x_wconf 85' lang='lat' dir='ltr'><strong>esus</strong></span> 
     </span>
     <span class='ocr_line' id='line_1_31' title="bbox 152 3446 1101 3532; baseline -0.003 -21"><span class='ocrx_word' id='word_1_203' title='bbox 152 3446 313 3511; x_wconf 87' lang='lat' dir='ltr'><strong>Christus</strong></span> <span class='ocrx_word' id='word_1_204' title='bbox 345 3451 486 3532; x_wconf 91' lang='lat' dir='ltr'><strong>proprio</strong></span> <span class='ocrx_word' id='word_1_205' title='bbox 515 3450 684 3530; x_wconf 87' lang='lat' dir='ltr'><strong>sanguine</strong></span> <span class='ocrx_word' id='word_1_206' title='bbox 717 3447 953 3525; x_wconf 82' lang='lat' dir='ltr'><strong>consecravit3</strong></span> <span class='ocrx_word' id='word_1_207' title='bbox 988 3453 1035 3522; x_wconf 89' lang='lat' dir='ltr'><strong>et,</strong></span> <span class='ocrx_word' id='word_1_208' title='bbox 1062 3454 1101 3509; x_wconf 92' lang='lat' dir='ltr'><strong>ut</strong></span> 
     </span>
     <span class='ocr_line' id='line_1_32' title="bbox 152 3544 1102 3621; baseline -0.005 -11"><span class='ocrx_word' id='word_1_209' title='bbox 152 3546 287 3610; x_wconf 83' lang='lat' dir='ltr'><strong>facilior</strong></span> <span class='ocrx_word' id='word_1_210' title='bbox 319 3548 363 3610; x_wconf 87' lang='lat' dir='ltr'><strong>ad</strong></span> <span class='ocrx_word' id='word_1_211' title='bbox 391 3568 467 3612; x_wconf 88' lang='lat' dir='ltr'><strong>eam</strong></span> <span class='ocrx_word' id='word_1_212' title='bbox 497 3548 682 3612; x_wconf 89' lang='lat' dir='ltr'><strong>haberetur</strong></span> <span class='ocrx_word' id='word_1_213' title='bbox 713 3564 884 3621; x_wconf 89' lang='lat' dir='ltr'><strong>accessus,</strong></span> <span class='ocrx_word' id='word_1_214' title='bbox 914 3544 980 3608; x_wconf 86' lang='lat' dir='ltr'><strong>snit</strong></span> <span class='ocrx_word' id='word_1_215' title='bbox 1008 3563 1102 3606; x_wconf 92' lang='lat' dir='ltr'><strong>com·</strong></span> 
     </span>
    </p>
   </div>
   <div class='ocr_carea' id='block_1_3' title="bbox 150 3640 1105 4303">
    <p class='ocr_par' dir='ltr' id='par_1_3' title="bbox 151 3640 1103 3729">
     <span class='ocr_line' id='line_1_33' title="bbox 151 3640 1103 3729; baseline -0.003 -22"><span class='ocrx_word' id='word_1_216' title='bbox 151 3646 301 3709; x_wconf 91' lang='lat' dir='ltr'><strong>muniter</strong></span> <span class='ocrx_word' id='word_1_217' title='bbox 317 3647 522 3723; x_wconf 91' lang='lat' dir='ltr'><strong>ordinatum,</strong></span> <span class='ocrx_word' id='word_1_218' title='bbox 542 3654 582 3710; x_wconf 89' lang='lat' dir='ltr'><strong>ut</strong></span> <span class='ocrx_word' id='word_1_219' title='bbox 604 3648 715 3729; x_wconf 91' lang='lat' dir='ltr'><strong>primo</strong></span> <span class='ocrx_word' id='word_1_220' title='bbox 732 3645 906 3718; x_wconf 86' lang='lat' dir='ltr'><strong>Caesarea,</strong></span> <span class='ocrx_word' id='word_1_221' title='bbox 929 3650 964 3705; x_wconf 90' lang='lat' dir='ltr'><strong>ot</strong></span> <span class='ocrx_word' id='word_1_222' title='bbox 981 3640 1103 3704; x_wconf 90' lang='lat' dir='ltr'><strong>deinde</strong></span> 
     </span>
    </p>

    <p class='ocr_par' dir='ltr' id='par_1_4' title="bbox 151 3739 1104 3827">
     <span class='ocr_line' id='line_1_34' title="bbox 151 3739 1104 3827; baseline -0.004 -21"><span class='ocrx_word' id='word_1_223' title='bbox 151 3742 175 3807; x_wconf 87' lang='lat' dir='ltr'>J</span> <span class='ocrx_word' id='word_1_224' title='bbox 178 3763 271 3826; x_wconf 88' lang='lat' dir='ltr'><strong>oppa</strong></span> <span class='ocrx_word' id='word_1_225' title='bbox 286 3746 498 3822; x_wconf 88' lang='lat' dir='ltr'><strong>muniantur,</strong></span> <span class='ocrx_word' id='word_1_226' title='bbox 521 3746 613 3827; x_wconf 91' lang='lat' dir='ltr'><strong>quod</strong></span> <span class='ocrx_word' id='word_1_227' title='bbox 635 3752 716 3807; x_wconf 90' lang='lat' dir='ltr'><strong>ante</strong></span> <span class='ocrx_word' id='word_1_228' title='bbox 735 3743 933 3826; x_wconf 87' lang='lat' dir='ltr'><strong>passagium</strong></span> <span class='ocrx_word' id='word_1_229' title='bbox 954 3739 1104 3821; x_wconf 85' lang='lat' dir='ltr'><strong>Augusti</strong></span> 
     </span>
    </p>

    <p class='ocr_par' dir='ltr' id='par_1_5' title="bbox 150 3839 1104 3927">
     <span class='ocr_line' id='line_1_35' title="bbox 150 3839 1104 3927; baseline -0.006 -22"><span class='ocrx_word' id='word_1_230' title='bbox 150 3845 328 3925; x_wconf 86' lang='lat' dir='ltr'><strong>sequentis</strong></span> <span class='ocrx_word' id='word_1_231' title='bbox 352 3845 473 3927; x_wconf 90' lang='lat' dir='ltr'><strong>procul</strong></span> <span class='ocrx_word' id='word_1_232' title='bbox 496 3844 600 3908; x_wconf 92' lang='lat' dir='ltr'><strong>dubio</strong></span> <span class='ocrx_word' id='word_1_233' title='bbox 620 3861 723 3925; x_wconf 87' lang='lat' dir='ltr'><strong>posse</strong></span> <span class='ocrx_word' id='word_1_234' title='bbox 737 3842 811 3905; x_wconf 86' lang='lat' dir='ltr'><strong>lieri</strong></span> <span class='ocrx_word' id='word_1_235' title='bbox 829 3839 1046 3921; x_wconf 88' lang='lat' dir='ltr'><strong>sperabatur,</strong></span> <span class='ocrx_word' id='word_1_236' title='bbox 1069 3845 1104 3900; x_wconf 92' lang='lat' dir='ltr'><strong>et</strong></span> 
     </span>
    </p>

    <p class='ocr_par' dir='ltr' id='par_1_6' title="bbox 153 3936 1104 4025">
     <span class='ocr_line' id='line_1_36' title="bbox 153 3936 1104 4025; baseline -0.006 -21"><span class='ocrx_word' id='word_1_237' title='bbox 153 3950 236 4004; x_wconf 91' lang='lat' dir='ltr'><strong>tunc</strong></span> <span class='ocrx_word' id='word_1_238' title='bbox 254 3941 376 4024; x_wconf 86' lang='lat' dir='ltr'><strong>hyeme</strong></span> <span class='ocrx_word' id='word_1_239' title='bbox 397 3943 556 4025; x_wconf 90' lang='lat' dir='ltr'><strong>sequenti</strong></span> <span class='ocrx_word' id='word_1_240' title='bbox 577 3944 612 4005; x_wconf 90' lang='lat' dir='ltr'><strong>in</strong></span> <span class='ocrx_word' id='word_1_241' title='bbox 634 3943 774 4004; x_wconf 91' lang='lat' dir='ltr'><strong>domum</strong></span> <span class='ocrx_word' id='word_1_242' title='bbox 792 3937 934 4003; x_wconf 92' lang='lat' dir='ltr'><strong>Domini</strong></span> <span class='ocrx_word' id='word_1_243' title='bbox 954 3957 1032 4000; x_wconf 92' lang='lat' dir='ltr'><strong>cnm</strong></span> <span class='ocrx_word' id='word_1_244' title='bbox 1051 3936 1104 4017; x_wconf 92' lang='lat' dir='ltr'><strong>ip·</strong></span> 
     </span>
    </p>

    <p class='ocr_par' dir='ltr' id='par_1_7' title="bbox 151 4035 1104 4124">
     <span class='ocr_line' id='line_1_37' title="bbox 151 4035 1104 4124; baseline -0.006 -21"><span class='ocrx_word' id='word_1_245' title='bbox 151 4041 225 4103; x_wconf 87' lang='lat' dir='ltr'><strong>sius</strong></span> <span class='ocrx_word' id='word_1_246' title='bbox 248 4041 423 4124; x_wconf 90' lang='lat' dir='ltr'><strong>adjutorio</strong></span> <span class='ocrx_word' id='word_1_247' title='bbox 447 4043 610 4123; x_wconf 83' lang='lat' dir='ltr'><strong>laetantes</strong></span> <span class='ocrx_word' id='word_1_248' title='bbox 628 4041 770 4106; x_wconf 87' lang='lat' dir='ltr'><strong>valeant</strong></span> <span class='ocrx_word' id='word_1_249' title='bbox 795 4037 978 4121; x_wconf 87' lang='lat' dir='ltr'><strong>proficisci.</strong></span> <span class='ocrx_word' id='word_1_250' title='bbox 1022 4035 1104 4098; x_wconf 90' lang='lat' dir='ltr'><strong>Fuit</strong></span> 
     </span>
    </p>

    <p class='ocr_par' dir='ltr' id='par_1_8' title="bbox 151 4135 1105 4303">
     <span class='ocr_line' id='line_1_38' title="bbox 151 4135 1105 4223; baseline -0.006 -21"><span class='ocrx_word' id='word_1_251' title='bbox 151 4147 269 4204; x_wconf 90' lang='lat' dir='ltr'><strong>autem</strong></span> <span class='ocrx_word' id='word_1_252' title='bbox 301 4141 376 4204; x_wconf 85' lang='lat' dir='ltr'><strong>haec</strong></span> <span class='ocrx_word' id='word_1_253' title='bbox 405 4141 582 4223; x_wconf 89' lang='lat' dir='ltr'><strong>publicata</strong></span> <span class='ocrx_word' id='word_1_254' title='bbox 614 4140 767 4221; x_wconf 89' lang='lat' dir='ltr'><strong>provisio</strong></span> <span class='ocrx_word' id='word_1_255' title='bbox 799 4146 900 4201; x_wconf 86' lang='lat' dir='ltr'><strong>extra</strong></span> <span class='ocrx_word' id='word_1_256' title='bbox 929 4135 1105 4200; x_wconf 87' lang='lat' dir='ltr'><strong>civitatem</strong></span> 
     </span>
     <span class='ocr_line' id='line_1_39' title="bbox 955 4259 1001 4303; baseline 0 0"><span class='ocrx_word' id='word_1_257' title='bbox 955 4259 1001 4303; x_wconf 78' lang='grc' dir='ltr'><strong>ι2</strong></span> 
     </span>
    </p>
   </div>
   <div class='ocr_carea' id='block_1_4' title="bbox 0 0 1494 4996">
    <p class='ocr_par' dir='ltr' id='par_1_9' title="bbox 0 0 1494 4996">
     <span class='ocr_line' id='line_1_40' title="bbox 0 0 1494 4996; baseline 0 0"><span class='ocrx_word' id='word_1_258' title='bbox 0 0 1494 4996; x_wconf 95' lang='lat' dir='ltr'><strong> </strong></span> 
     </span>
    </p>
   </div>
  </div>
 </body>
</html>
