2978 4996
471 457 612 506 rnonns
636 457 906 507 ursuonrnnun.
1096 443 1163 507 255

211 613 341 678 ballivo
366 613 548 690 libertatis
572 615 630 677 ubi
655 615 781 697 aliquis
809 615 1001 678 libertatem
1030 616 1160 678 habue-
1177 630 1299 671 nonna

212 714 269 789 rit,
303 713 447 789 scilicet,
478 713 568 794 quod
601 715 685 777 baro
714 714 769 776 vel
802 713 960 777 domiuus
992 715 1161 779 libertatis

209 812 294 876 velit
317 821 352 877 et
372 813 483 895 possit
504 812 705 894 praedictam
735 813 1036 894 quadragesimam
1063 814 1160 877 colli·

209 931 291 992 gere
313 920 349 975 et
364 932 426 994 pro
448 932 490 975 ea
512 912 670 975 habenda
693 911 921 993 distringere;
946 914 976 975 si
991 932 1073 977 vero
1092 933 1160 975 nou
1251 940 1253 946 ¹

210 1011 306 1087 velit,
332 1012 386 1075 vel
416 1032 484 1074 non
514 1012 633 1093 possit,
662 1012 882 1075 vicecomites
910 1012 1160 1076 districtionem

210 1109 341 1175 faciant
363 1111 576 1193 praedictam,
600 1110 649 1173 ita
678 1111 769 1192 quod
799 1111 847 1174 nil
873 1111 953 1174 inde
980 1112 1160 1193 recipiant,

209 1210 270 1274 sed
293 1217 369 1274 tota
391 1208 658 1292 quadragesima
683 1209 849 1290 praedicta
874 1210 1047 1292 praedictis
1075 1211 1161 1273 mili·

210 1309 304 1372 tibus
328 1309 560 1373 assessoribus
583 1309 748 1372 liberetur
767 1309 803 1371 in
826 1310 950 1392 majori
976 1318 1012 1373 et
1035 1311 1161 1373 securi-

211 1409 262 1472 ori
283 1408 368 1472 villa
387 1408 603 1488 singulorum
626 1408 863 1472 comitatuum.
918 1409 964 1472 Et
984 1409 1025 1472 de
1049 1409 1160 1490 quali·

211 1507 271 1572 bet
288 1507 373 1571 villa
390 1508 451 1571 liat
467 1526 602 1570 summa
617 1507 716 1570 tallia
740 1509 831 1571 inter
850 1509 1077 1571 senescallum
1100 1510 1160 1572 bam

212 1606 319 1684 ronis,
341 1606 395 1670 vel
423 1606 498 1690 ejus
528 1614 756 1682 attornatum,
781 1608 835 1670 vel
865 1609 1074 1670 senescallos
1099 1610 1159 1672 do-

212 1706 296 1770 mini
311 1706 494 1782 libertatiS,
509 1714 544 1769 et
558 1705 743 1787 praedictos
755 1725 958 1769 assessores.
1002 1708 1046 1770 Et
1058 1709 1162 1789 ‹lepo-

211 1811 316 1869 natur
343 1806 490 1886 pecnnia
515 1825 578 1887 per
602 1805 740 1867 eosdem
769 1824 961 1868 assessores
988 1806 1022 1867 iu
1046 1807 1161 1886 aliquo

211 1905 289 1968 loco
312 1904 434 1968 tutiori
462 1904 616 1987 ejusdem
640 1904 745 1979 villae,
774 1905 824 1966 ita
852 1904 943 1984 quod
970 1921 1161 1968 assessores

212 2003 364 2067 babeant
377 2003 492 2085 sigilla
515 2023 578 2066 sua
596 2010 744 2066 etseras
764 2011 799 2065 et
816 2002 932 2065 claves
955 2022 1037 2065 suas
1060 2022 1163 2084 super

212 2104 392 2185 pecuniam
413 2102 626 2184 praedictam,
647 2110 682 2165 et
698 2103 916 2166 vicecomites
939 2101 1097 2164 similiter
1115 2103 1161 2163 si-

211 2202 297 2284 gilla
314 2221 379 2265 sna
395 2210 541 2266 etseras
562 2210 597 2264 et
614 2190 730 2266 clades
755 2222 848 2266 suas,
893 2202 939 2264 Et
956 2221 1161 2275 assessores

212 2302 332 2366 statim
365 2322 409 2365 ex
440 2321 509 2382 quo
535 2300 800 2382 quadragesima
829 2302 940 2365 assisa
969 2301 1072 2365 luerit
1101 2322 1162 2383 per

212 2400 319 2483 ipsos,
333 2402 474 2464 mittant
489 2401 622 2464 rotulos
638 2420 720 2464 suos
737 2402 781 2464 ad
799 2402 1009 2465 scaccarium
1027 2402 1069 2465 de
1088 2411 1161 2465 toto

212 2499 335 2564 itinere
361 2519 448 2578 su03
480 2506 515 2562 et
537 2499 707 2577 similiter,
729 2520 774 2564 ex
799 2520 868 2582 quo
895 2500 988 2564 dicta
1014 2503 1162 2584 pecunia

213 2599 257 2662 ab
287 2599 338 2663 eis
364 2599 510 2663 collecta
534 2599 649 2674 fuerit,
679 2599 820 2663 mittant
845 2600 976 2662 rotulos
1004 2620 1086 2663 suos
1117 2601 1161 2662 ad

212 2700 424 2762 scaccarium
445 2697 487 2761 de
512 2706 653 2779 recepta
673 2717 749 2775 sna,
773 2706 810 2761 et
825 2700 992 2779 praedicta
1016 2701 1162 2780 pecunia

214 2805 409 2862 reservetur
435 2799 471 2861 in
497 2797 582 2862 locis
607 2797 666 2859 ubi
694 2797 853 2878 deposita
878 2798 955 2873 suit,
980 2797 1088 2860 donec
1118 2798 1161 2859 ad

213 2897 414 2960 mandatnm
439 2904 594 2960 nostrum
622 2895 798 2959 deseratur
820 2916 929 2976 usquc
952 2896 996 2958 ad
1022 2896 1161 2959 Novum

214 2996 396 3078 Templum
421 2995 690 3059 Londoniarum.
746 2995 843 3059 Nihil
869 3003 984 3058 autem
1007 2995 1163 3077 capietur

213 3095 389 3176 abaliquo
406 3095 543 3159 homine
564 3096 701 3158 nomine
715 3094 1003 3177 quadragesimae,
1018 3096 1078 3176 qui
1094 3116 1162 3159 non

213 3193 373 3259 babuerit
388 3194 430 3258 de
449 3193 646 3277 hujusmodi
665 3196 765 3258 bonis
785 3195 968 3258 mobilibus
986 3195 1030 3258 ad
1046 3195 1163 3259 valen-

213 3295 296 3358 tiam
328 3294 561 3377 quadraginta
592 3294 811 3358 denariorum
845 3295 888 3358 ad
919 3295 1041 3357 minus.
1104 3296 1161 3360 Ad

213 3393 413 3474 praedictam
458 3393 627 3475 siquidem
665 3393 964 3475 quadragesimam
1009 3396 1162 3458 assiden-

212 3491 291 3555 dam
317 3492 542 3556 incomitata
570 3492 782 3557 Hertfordiae
811 3494 1065 3573 assignavimus
1088 3515 1162 3572 voS,

212 3598 247 3656 et
269 3591 509 3655 mandavimus
531 3592 726 3655 vicecomiti
752 3599 871 3656 nostro
894 3592 937 3654 de
961 3590 1162 3669 Hertsordc,

212 3691 304 3774 qnod
330 3691 485 3772 singulas
509 3691 651 3755 villatas
675 3693 859 3755 comitatus
884 3690 938 3751 sni
963 3691 1065 3752 certis
1090 3691 1161 3755 die-

212 3792 274 3853 bus
300 3798 336 3853 et
357 3790 455 3865 locis,
471 3803 567 3873 'quos
597 3792 629 3854 ei
658 3791 746 3854 scire
770 3790 917 3864 facietis
948 3787 990 3850 ad
1021 3789 1162 3853 manda·

212 3898 285 3953 tum
315 3896 471 3953 nostrum
502 3909 618 3953 coram
646 3890 746 3953 vobis
774 3890 891 3954 venire
920 3888 1036 3962 saciat,
1067 3891 1160 3952 etin

212 3991 384 4065 omnibus,
412 4009 490 4071 qnae
521 3989 564 4053 ad
601 3989 730 4053 dictum
769 3988 947 4070 negotium
979 3986 1164 4068 pertinent,

211 4090 311 4153 vobis
329 4087 511 4153 intendant
528 4097 564 4152 ct
580 4089 754 4153 obediant.
808 4086 958 4152 Valetess
