2978 4996
424 445 561 494 rnonss
586 444 855 494 uisroamauu.
1045 433 1109 498 211

158 602 253 665 venit
287 602 476 681 civitatem,
515 606 572 667 ubi
603 612 869 668 castrametatus
899 605 945 667 ibi
976 620 1243 686 moramennrn·

158 703 333 784 protraxit
345 722 413 766 non
431 704 613 780 modicam,
630 711 669 767 ut
682 721 903 785 progressum
921 706 1013 785 regis
1031 704 1105 769 An·
1119 672 1248 761 ,¹33ngss

157 800 293 881 glorum
310 801 344 864 in
365 801 558 865 Pictaviam
575 804 791 884 praepediret.
839 803 919 866 Rex
935 823 1017 867 vero
1033 803 1106 868 An·
1119 775 1192 820 ω’

158 899 292 979 glorum
309 900 389 963 dum
413 902 504 983 apud
522 903 639 965 urbem
659 901 918 965 Nannetensem
940 903 1106 985 majorem

157 1000 385 1080 exspectabat
400 1001 512 1064 adhuc
530 1020 707 1064 numerum
725 1021 770 1063 ex
788 1001 932 1063 diversis
948 1002 1106 1082 partibus

156 1095 418 1169 adventantium
448 1108 671 1176 armatorum,
698 1119 761 1162 rex
787 1100 998 1162 Francorum
1028 1119 1105 1164 cum

157 1197 312 1261 exercitu
327 1216 390 1261 suo
400 1199 571 1279 quoddam
586 1198 697 1260 debile
710 1199 932 1280 municipium
944 1192 952 1229 ¹
962 1198 1104 1261 Hedum

158 1295 370 1376 appellatum
388 1297 536 1372 obsedit,
553 1297 644 1378 quod
665 1299 709 1359 ab
726 1297 810 1359 urbe
831 1296 865 1359 N
868 1299 1004 1360 annetis
1021 1318 1106 1380 qna-

158 1400 237 1456 tuor
258 1395 364 1457 leucis
385 1397 445 1459 vix
460 1397 622 1472 distabat,
647 1403 751 1478 atque
776 1396 845 1458 levi
865 1404 993 1460 conatu
1019 1398 1103 1460 illud

157 1493 250 1574 cepit
270 1502 306 1556 et
321 1495 504 1571 subvertit,
521 1503 556 1558 et
571 1495 615 1558 ad
631 1494 918 1576 Andagavensem
941 1496 1041 1559 rediit
1058 1497 1103 1559 ci-

157 1592 310 1655 vitatem.
368 1593 497 1658 Eodem
523 1615 615 1657 anno
640 1594 733 1658 facta
756 1601 809 1657 est
832 1588 986 1676 ²eclipsis
1009 1596 1103 1671 solis,

158 1698 278 1754 contra
306 1712 433 1755 morem
460 1693 612 1769 solitum,
635 1712 768 1755 summo
794 1713 895 1757 mane
922 1694 1102 1757 confestim

158 1797 237 1869 post
256 1797 368 1854 ortum
393 1811 507 1868 suum,
523 1793 632 1874 pridie
653 1791 730 1854 idus
750 1791 849 1866 Maii,
871 1793 906 1854 in
931 1792 1102 1873 Rogatio-

159 1889 271 1966 nibns,
307 1891 440 1955 scilicet
469 1892 555 1955 feria
583 1892 699 1966 tertia,
730 1891 781 1952 ita
814 1891 905 1970 quod
940 1891 1103 1971 agricolae

157 1988 274 2051 etalii
303 1990 415 2067 multi,
451 1990 587 2053 labores
621 2009 722 2052 mane
753 1988 934 2051 inchoatos
963 1996 1104 2070 propter

157 2087 296 2150 nimiam
327 2089 571 2153 obscuritatem
604 2089 849 2170 relinquentes,
870 2094 1017 2150 stratum
1049 2106 1103 2149 re·

157 2194 273 2267 petere
302 2194 337 2250 et
363 2207 439 2251 sese
462 2189 586 2251 iterum
615 2187 731 2269 sopori
757 2187 840 2250 dare
864 2186 1103 2262 decreverunt,

158 2284 215 2348 sed
232 2286 383 2361 tandem,
398 2288 499 2367 quasi
514 2296 594 2369 post
608 2286 711 2350 nnius
729 2285 822 2349 horae
837 2287 1000 2367 spatium,
1016 2284 1104 2347 mul-

157 2384 201 2447 tis
221 2384 482 2473 admirantibus,
501 2386 553 2448 sol
570 2393 771 2449 consuetam
793 2386 943 2449 obtinuit
962 2385 1102 2448 clarita-

156 2489 237 2546 tem.
298 2482 428 2547 Eodem
454 2492 606 2566 tempore
632 2478 722 2546 ³dux
751 2483 926 2559 Saxoniae‚
951 2492 986 2546 et
1010 2485 1102 2565 regis

156 2579 349 2663 Anglorum
371 2585 659 2664 consanguineus,
678 2583 819 2646 veniens
842 2583 876 2645 in
899 2581 1063 2662 Angliam
1081 2602 1102 2645 a

155 2681 289 2743 civibus
313 2681 589 2746 Londinensibus
613 2681 799 2746 honorilice
822 2688 1004 2761 susceptus
1026 2688 1101 2758 est;

154 2787 230 2843 erat
247 2786 362 2843 autem
381 2779 471 2844 idem
491 2781 563 2844 dux
583 2782 686 2846 homo
702 2788 810 2843 tantae
833 2779 1050 2860 proceritatis
1068 2787 1103 2841 et

155 2878 394 2960 longitudinis,
421 2889 472 2958 nt,
503 2883 636 2945 cunctis
668 2879 917 2943 admirantibus
945 2886 981 2940 et
1003 2878 1102 2960 quasi

155 2978 199 3040 ad
230 2980 465 3060 spectaculum
489 2980 760 3054 accurrentibuS,
778 2979 889 3043 visum
919 2997 964 3041 ex
991 2977 1102 3059 ipsius

155 3077 282 3142 intuitu
306 3078 508 3143 refecerunt.

287 3249 336 3311 Dc
349 3248 508 3312 discordia
521 3250 601 3312 ieter
614 3248 741 3314 beroeae
759 3250 872 3314 Gallia
888 3259 967 3313 orta.

206 3370 396 3435 Habebant
408 3391 546 3454 quoqne
561 3371 626 3435 hoc
641 3380 794 3455 tempore
811 3393 970 3455 guerram
989 3372 1033 3435 ad
1049 3373 1102 3434 in·
1116 3395 1251 3435 numum

1116 3457 1178 3485 amon
1194 3450 1212 3485 rt
1223 3447 1260 3484 the

155 3470 265 3534 vicem
295 3489 413 3534 omnes
446 3470 516 3534 fere
543 3478 723 3552 magnates
752 3472 889 3548 Galliae,
918 3472 1009 3535 sicut
1030 3470 1102 3533 dux
1117 3458 1199 3585 ἓξὲξ,

201 3642 210 3674 ¹
227 3645 327 3694 Hedum
353 3640 533 3711 appellatam]
561 3644 615 3693 Tne
626 3642 629 3660 '
640 3646 741 3706 hands3
759 3646 820 3694 Ree.
839 3646 884 3693 des
902 3645 971 3692 Hist.
989 3649 1048 3692 tom.
1059 3660 1103 3693 xx.

156 3716 248 3763 castlee
269 3715 299 3763 ol
317 3714 411 3764 Oudon
433 3714 483 3762 and
505 3714 615 3763 Chanto-
641 3730 667 3775 p.
680 3718 735 3763 319.

152 3799 235 3833 ceaux
251 3798 318 3832 were
334 3783 422 3843 taken,
438 3784 574 3845 according
589 3788 615 3830 to
687 3781 822 3846 'Eclipsir
844 3776 935 3848 retia]
966 3781 1105 3843 Calvisius,

154 3854 264 3915 Nangis,
275 3855 300 3901 in
310 3854 352 3901 the
362 3853 499 3914 preceding
509 3868 583 3914 year,
596 3855 617 3900 it
643 3853 793 3913 Chronolog.
805 3867 832 3912 p.
844 3856 901 3900 802.

152 3937 207 3971 was
223 3937 290 3984 upon
303 3923 345 3970 the
357 3923 447 3985 taking
463 3922 491 3970 ol
505 3923 547 3970 the
564 3923 610 3969 lat·
677 3919 762 3970 'Dux
782 3914 935 3987 Samia]
958 3919 1104 3978 Albert1.;

152 3998 199 4053 ter,
219 3993 356 4053 according
373 3998 399 4039 tn
418 3992 461 4040 the
484 4006 552 4040 same
571 4006 617 4039 au·
643 3992 675 4040 he
697 3990 838 4040 succeeded
865 3990 905 4037 his
929 3988 1019 4050 father,
1044 3989 1105 4036 Ber·

151 4062 318 4123 thority,tlrat
329 4062 373 4110 the
383 4062 436 4110 earl
447 4060 476 4109 ol
486 4062 618 4122 Britnnny‚
643 4061 706 4110 nard
720 4060 783 4122 111,
801 4061 827 4107 in
844 4062 916 4119 lata,
935 4058 986 4106 and
1002 4058 1062 4107 died
1079 4058 1106 4106 in

152 4131 297 4180 astonisbed
312 4139 340 4180 et
351 4131 393 4179 the
404 4125 488 4192 king's
506 4145 620 4191 success,
646 4134 719 4179 leae.
736 4131 778 4179 He
787 4129 895 4177 married
905 4127 1106 4190 Helen,deugh-

151 4201 318 4250 surrendered
352 4199 457 4248 himself
492 4200 545 4249 into
579 4199 619 4248 bis
644 4206 683 4248 ter
694 4199 721 4248 ol
730 4199 807 4260 Otho,
819 4199 888 4250 dnke
899 4199 929 4247 ol
943 4198 1106 4247 Brunswiek.

959 4287 1001 4331 Η
