2978 4996
384 441 427 505 12
645 455 778 503 nonant
803 456 850 503 nn
873 455 1079 502 wannovnn

224 630 347 670 annu.
386 606 654 677 Transsretavit¹
682 612 790 693 igitur
822 609 1027 675 Lodowicns
1053 619 1208 691 tempore
1241 611 1335 690 Qua·

385 711 617 793 dragesimali,
642 730 684 774 eo
712 717 828 791 pacto,
851 709 943 791 qnod
966 729 1143 791 nunqnam
1172 709 1335 793 deinceps

386 811 534 893 gratiam
558 811 723 873 baronum
747 807 887 889 Angliae
911 808 1070 872 habuerit
1095 809 1186 872 sicut
1212 809 1335 890 prius;

387 928 467 972 nam
510 910 675 973 continuo
711 914 881 971 venerunt
917 906 960 969 ad
1002 906 1202 971 fidelitatem
1243 909 1336 990 regis

387 1007 533 1071 Henrici
558 1026 673 1072 comes
695 1005 892 1069 Willelmns
922 1004 1197 1083 Saresbiriensis,
1220 1025 1336 1070 comes

386 1107 582 1171 Willelmus
600 1104 769 1181 Arundel,
788 1123 903 1168 comes
923 1104 1120 1167 Willelmus
1135 1104 1335 1184 Warennae,

385 1214 421 1270 et
446 1205 505 1269 alii
533 1205 644 1281 multi,
680 1203 773 1267 dicto
802 1204 876 1285 regi
906 1203 1068 1286 deinceps
1097 1202 1334 1286 adhaerentes3

386 1305 445 1368 sed
472 1313 507 1369 et
527 1322 676 1384 magnus
701 1301 966 1378 Mareschallus‚
989 1301 1201 1366 Willelmum
1226 1303 1335 1367 filium

386 1422 487 1465 snum
512 1401 779 1484 primogenitum
809 1401 853 1463 ad
882 1401 973 1482 regis
1001 1401 1202 1464 fidelitatem
1233 1421 1332 1467 revo-

386 1520 483 1578 cans,
513 1509 646 1583 partem
680 1497 856 1562 Lodowici
888 1520 957 1563 non
987 1500 1205 1565 mediocriter
1231 1503 1335 1565 muti-

386 1600 485 1664 lavit.

575 1696 754 1761 Invidentia
769 1696 806 1760 de
823 1706 908 1760 arra
916 1698 1143 1782 promissionis.

439 1815 585 1885 Eodem²
603 1830 757 1903 tempore
772 1821 958 1898 exercitus,
974 1823 1033 1903 qui
1049 1830 1124 1885 crat
1145 1822 1181 1884 in
1200 1820 1336 1900 Achon,

387 1920 596 2002 quadrifarie
625 1920 758 1984 divisus
783 1927 863 1999 est3
896 1940 994 2002 reges
1021 1921 1110 1984 enim
1140 1919 1335 2003 Hungariae

388 2027 423 2083 et
444 2020 551 2102 Cypri
572 2020 739 2102 Tripolim
767 2019 913 2101 profecti
940 2028 1032 2097 sunt,
1056 2021 1114 2083 nbi
1142 2038 1204 2082 rex
1227 2018 1335 2101 Cypri

386 2118 586 2182 adolescens
616 2119 706 2182 diem
733 2117 859 2182 clausit
885 2126 1089 2181 extremum.
1151 2119 1231 2181 Rex
1253 2137 1336 2182 vero

388 2217 596 2300 Hungariae,
629 2217 725 2280 brevi
751 2223 905 2298 tempore
936 2217 1061 2280 ibidem
1091 2224 1335 2294 commoratus,

387 2336 465 2378 cum
498 2334 625 2396 magno
656 2322 758 2378 terrae
790 2324 920 2379 sanctae
951 2314 1132 2398 dispendio
1166 2315 1335 2394 recessit;

367 2415 589 2496 'peregrinos
617 2414 706 2476 euim
736 2420 772 2477 et
795 2414 938 2494 galoius,
969 2433 1076 2496 equos
1104 2422 1140 2477 et
1165 2414 1337 2496 jumenta,

388 2532 465 2576 cnm
494 2513 598 2575 armis
624 2530 740 2575 secum
766 2514 887 2588 traxit,
920 2513 1066 2576 multum
1093 2532 1136 2575 ne
1161 2512 1336 2578 recederet

389 2630 411 2673 a
432 2610 629 2692 patriarcha
655 2617 810 2691 rogatus,
835 2612 895 2693 qui
921 2611 1060 2675 tandem
1089 2631 1168 2675 cum
1195 2630 1259 2674 sua
1281 2631 1336 2675 se·

389 2709 492 2791 quela
513 2709 831 2773 excommunicatus
854 2710 1007 2774 recessit.
1059 2709 1142 2774 Alia
1163 2729 1244 2792 pars
1266 2703 1337 2792 ³pi·

389 2828 529 2889 grornm
567 2818 602 2873 et
637 2807 846 2885 timidorum,
887 2817 921 2872 et
953 2828 1070 2872 eorum
1109 2810 1169 2890 qni
1205 2809 1336 2872 divitiis

388 2906 585 2986 affluebant,
623 2909 660 2971 in
696 2906 840 2971 Achone
881 2908 1057 2970 remansit.
1133 2908 1212 2971 Rex
1252 2927 1336 2973 vero

390 3005 611 3070 Hierusalem
636 3015 671 3068 et
694 3006 766 3068 dux
789 3005 953 3080 Austriae,
979 3025 1057 3069 cum
1086 3006 1336 3089 Hospitalariis

388 3106 501 3167 sancti
538 3103 710 3167 Johannis
749 3110 785 3168 ct
818 3105 988 3188 episcopis
1033 3105 1151 3167 multis
1189 3113 1225 3168 et
1258 3105 1336 3169 aliis

388 3201 559 3279 fidelibus,
575 3209 724 3265 castrum
747 3203 783 3264 in
801 3202 963 3267 Caesarea
979 3203 1167 3267 Palestinae
1186 3204 1221 3266 in
1240 3204 1336 3267 brevi

388 3300 534 3365 viriliter
567 3301 803 3378 firmaverunt,
841 3301 922 3366 licet
954 3301 1151 3384 frequenter
1185 3302 1336 3365 hostium

389 3400 607 3464 nuntiaretur
635 3400 831 3479 adventns3
863 3401 911 3464 ibi
934 3402 969 3463 in
998 3402 1142 3465 basilica
1171 3402 1337 3483 principis

388 3498 623 3580 apostolorum
666 3498 792 3563 festum
839 3498 1096 3564 Purificationis
1139 3499 1337 3582 patriarcha

388 3616 465 3660 cnm
486 3616 549 3660 sex
568 3597 739 3680 episcopis
762 3597 960 3661 solemniter
982 3599 1180 3662 celebravit.
1232 3598 1337 3662 Tem·

387 3696 489 3778 plarii
511 3715 661 3778 quoquc,
690 3716 767 3759 curu
796 3696 935 3761 domino
956 3696 1114 3760 Waltero
1140 3696 1183 3759 de
1205 3695 1338 3760 Avenis

423 3877 430 3908 ¹
444 3870 644 3942 Tranasretueit]
662 3874 807 3935 According
822 3877 848 3921 to
858 3869 861 3912 Ι
873 3873 959 3921 unless
972 3872 1060 3934 Philip
1072 3874 1208 3922 mnaenud
1219 3878 1245 3922 to
1261 3875 1339 3924 recall

387 3945 485 3994 Walter
496 3944 525 3993 ol
533 3944 669 4005 Coventry‚
677 3943 719 3992 the
730 3944 848 3992 occasion
873 3942 914 3991 his
926 3956 980 3991 eon.

386 4014 417 4063 ol
429 4009 515 4063 Iouis'
527 4015 635 4063 absence
649 4028 701 4062 was
713 4012 849 4061 thethreat
912 4007 1022 4059 ⁹Eodem
1044 4011 1187 4075 tempora]
1224 4013 1283 4062 Jae.
1305 4012 1338 4060 de

387 4083 416 4131 os
424 4083 466 4131 the
477 4078 564 4144 pope'a
574 4083 671 4144 legates
681 4082 758 4131 attha
770 4097 848 4131 conu-
874 4081 980 4130 Vitriac.
993 4097 1019 4143 p.
1033 4085 1105 4132 11³⁰.

387 4153 421 4201 cil
429 4151 458 4200 ol
467 4151 566 4213 Melan,
576 4151 631 4200 that
639 4154 699 4212 they
707 4151 793 4200 would
802 4155 848 4213 put
909 4148 919 4177 ³
931 4146 1089 4220 Piparam]
1107 4146 1338 4214 ‘Peregriuorum’

386 4222 421 4271 all
450 4221 547 4269 Franco
568 4221 649 4271 under
671 4236 704 4271 an
730 4220 849 4269 iuterdlet
873 4218 933 4270 ibid.
