2978 4996
487 442 627 490 neonus
652 443 920 494 ursrourxauu.
1115 431 1180 496 183

226 603 262 659 et
277 595 454 660 homiuum
476 608 668 663 vestrorum
689 600 860 664 hostiliter
882 601 1071 681 ingressus,
1093 619 1175 666 con·
1188 616 1313 658 ahma

228 701 283 758 tra
315 696 426 777 legem
460 697 693 762 Christianam
728 699 880 763 decrevit
901 718 964 763 vos
995 702 1031 763 iu
1059 700 1175 781 gladio

226 795 364 859 vincere
389 797 572 874 materiali,
598 817 699 880 quern
726 817 795 861 non
824 800 937 881 potuit
963 798 1110 880 dejicere
1136 802 1173 864 in

227 893 357 973 gladio,
370 903 409 959 ut
421 896 556 972 asserit,
573 896 766 978 spirituali3
793 917 873 960 nam
889 897 912 959 J
916 896 1069 960 ohannes
1084 918 1173 980 prae·

227 991 332 1070 fatus,
354 994 397 1057 de
421 1015 530 1076 regno
554 995 765 1059 Francorum
790 1004 824 1059 et
847 996 923 1058 aliis
949 998 1171 1060 conterminis

227 1092 423 1172 regionibus
459 1094 618 1158 militiam
649 1094 855 1158 contrahens
885 1115 953 1158 non
988 1095 1170 1172 modicam,

225 1191 288 1253 sub
312 1211 373 1274 spe
395 1193 541 1274 imperii,
566 1193 596 1255 si
615 1214 677 1257 vos
700 1194 810 1275 possit
830 1194 1001 1274 subigere,
1020 1195 1062 1257 de
1080 1187 1170 1258 ¹the-

225 1291 336 1352 saunis
355 1292 554 1372 apostolicis
576 1292 649 1354 suis
674 1292 839 1356 militibus
857 1293 1029 1374 stipendia
1049 1294 1168 1356 minis-

225 1394 305 1451 trat.
371 1389 496 1472 Itaque
517 1390 605 1454 idem
631 1391 811 1454 lohannes
836 1391 947 1455 etalii
968 1392 1060 1455 sedis
1083 1411 1167 1474 apo-

224 1487 356 1550 stolicae
382 1489 554 1571 principes
577 1490 708 1553 militiae
728 1498 855 1553 terram
876 1497 1028 1554 vestram
1054 1498 1088 1554 et
1106 1491 1168 1554 ho-

223 1585 352 1649 minum
379 1595 571 1651 vestrorum
605 1589 775 1652 hostiliter
806 1589 953 1670 ingressi
984 1591 1097 1671 ignem
1132 1590 1167 1653 in

223 1684 376 1749 oediliciis
396 1694 432 1750 ct
452 1686 544 1749 villis
568 1687 798 1764 accumulant,
821 1687 933 1770 spolia
955 1695 990 1751 et
1011 1697 1168 1753 armenta

220 1784 373 1866 rapiunt,
390 1784 546 1849 homines
562 1793 683 1868 captos
702 1787 848 1849 diversis
869 1787 1078 1850 cruciatibus
1096 1796 1167 1852 tor-

221 1891 329 1964 quent
344 1892 379 1948 et
395 1884 439 1948 ad
456 1886 696 1965 gravissimam
725 1885 992 1965 redemptionem
1016 1887 1166 1969 compel-

221 1981 310 2057 lunt,
331 1983 416 2045 nulli
436 1985 536 2047 sexui
559 1992 708 2066 parcunt
725 2003 788 2047 nec
806 1984 967 2065 cuiquam
988 1991 1088 2047 extra
1110 2003 1166 2047 ec·

220 2075 360 2144 clesiam
384 2082 440 2145 vel
461 2085 695 2146 coemoterium
722 2082 892 2158 deferunt,
913 2082 1007 2145 vicos
1035 2089 1070 2145 et
1090 2101 1167 2145 cas-

220 2179 304 2243 tella
331 2182 484 2263 capiunt,
514 2201 582 2245 non
609 2182 775 2245 habentes
802 2182 845 2244 ad
871 2181 937 2244 hoc
960 2190 1165 2262 respectum,

219 2279 310 2360 quod
327 2281 404 2342 sitis
422 2280 457 2342 in
475 2280 617 2345 servitio
630 2281 718 2345 Jesu
735 2280 886 2360 Christi3
912 2288 958 2354 et,
976 2281 1005 2343 si
1027 2281 1104 2362 quis
1122 2281 1164 2344 de

218 2377 425 2460 imperatore
447 2381 655 2444 mentionem
674 2380 770 2457 iacit,
787 2379 810 2444 J
814 2381 965 2444 ohannes
986 2380 1028 2443 de
1047 2381 1163 2445 Breis-

218 2495 280 2540 nes
304 2476 452 2542 affirmat
475 2498 544 2542 non
571 2498 647 2542 esse
677 2480 781 2542 alium
809 2479 1050 2561 imperatorem
1074 2499 1162 2561 prae·

218 2582 271 2638 ter
287 2575 410 2659 ipsum.
463 2577 639 2641 Mirantur
658 2597 762 2661 super
779 2578 833 2641 his
848 2579 950 2641 amici
966 2579 1084 2653 vestri,
1100 2599 1162 2641 ex-

216 2675 459 2738 cellentissime
484 2678 682 2758 imperator,
705 2685 740 2740 et
760 2678 932 2758 praecipue
964 2676 1076 2739 clerus
1097 2678 1161 2738 im-

216 2775 301 2854 perii
333 2776 451 2850 vestri,
483 2795 553 2857 qua
586 2776 859 2839 consideratione
890 2783 925 2836 et
951 2774 1163 2837 conscientia

216 2874 302 2937 talia
325 2874 439 2937 facere
461 2881 577 2955 potest
597 2874 754 2956 pontifex
780 2874 959 2937 Romanus
983 2879 1018 2934 et
1040 2880 1162 2935 contra

217 2970 432 3036 Christianos
447 2991 544 3036 arma
559 2993 709 3049 movere,
727 2973 876 3035 maxime
893 2990 970 3035 cum
992 2970 1162 3034 Dominus

215 3071 344 3135 dixerit
372 3072 478 3135 Petro
504 3073 538 3135 in
565 3072 681 3154 gladio
704 3071 874 3135 materiali
898 3078 1076 3152 percutere
1102 3089 1163 3134 vo·

215 3169 311 3248 lenti,
335 3171 466 3235 ‘Mitte
488 3172 640 3252 gladium
664 3179 763 3235 tuum
785 3172 819 3234 in
844 3171 1026 3252 vaginam3
1051 3169 1162 3234 omnis

214 3271 318 3348 enim,
344 3272 403 3352 qui
427 3273 634 3353 percusserit
656 3272 690 3333 in
713 3271 843 3351 gladio,
869 3270 985 3350 gladio
1009 3270 1162 3352 peribit3'

213 3370 270 3432 vel
293 3390 363 3452 quo
386 3370 467 3453 jure
494 3371 604 3451 possit
627 3369 697 3446 ille,
728 3371 787 3452 qui
816 3370 915 3451 quasi
945 3370 1065 3433 dicbus
1091 3370 1162 3432 sin-

213 3469 304 3548 gulis
337 3469 530 3551 praedones,
560 3469 788 3531 incendiarios
823 3476 858 3531 et
887 3467 1159 3531 Christianorum

213 3574 363 3630 tortores
395 3569 672 3630 excommunicat
703 3574 739 3630 et
769 3568 812 3630 ab
844 3566 999 3629 ecclesiae
1027 3566 1160 3630 unitate

211 3674 365 3748 separat,
393 3666 521 3729 talibus
551 3686 730 3729 assensum
762 3665 916 3747 praehere
950 3671 985 3726 et
1010 3665 1161 3726 auctori-

211 3773 318 3828 tatem
339 3773 518 3847 praestare,
542 3765 699 3829 similiter
716 3764 941 3827 admirantur.
994 3760 1160 3824 Provide·

210 3865 278 3927 atis
297 3884 400 3940 nunc,
420 3866 575 3940 obsecro,
590 3866 777 3947 imperator
795 3861 1045 3944 potentissime,
1063 3879 1161 3923 secu-

248 4038 400 4088 'Thesuuris
418 4039 590 4102 apostoliae]
619 4039 673 4087 The
699 4036 768 4096 ands,
786 4042 812 4086 to
832 4036 903 4086 show
923 4037 977 4085 that
995 4011 1054 4097 they
1072 4035 1162 4098 fought

209 4109 297 4170 pope's
314 4109 420 4158 soldiern
432 4111 492 4157 bore
510 4123 538 4156 as
550 4108 615 4157 their
629 4109 674 4156 ‹le-
698 4106 737 4156 sor
752 4106 794 4155 the
809 4106 889 4168 rights
904 4107 933 4156 oi
947 4109 974 4156 S.
991 4106 1085 4167 Peter3
1104 4107 1160 4155 liic.

208 4180 272 4238 vice,
287 4179 329 4228 the
351 4179 415 4237 heys
436 4194 504 4240 upon
526 4177 569 4226 the
589 4177 675 4227 stand·
699 4178 731 4225 dc
743 4177 769 4226 S.
782 4176 870 4226 Germ.
1055 4200 1059 4207 ·
