2978 4996
393 440 532 489 ruoass
556 438 824 488 nrsromsnuu.
1018 422 1084 488 169

128 603 226 661 statu
264 595 342 659 lidei
382 605 418 659 et
450 596 627 679 religionis
658 596 880 661 observantia
916 605 1010 661 stent
1037 617 1082 661 ex
1097 609 1150 649 cv·
1163 609 1219 648 ¹²²⁸·

129 696 257 771 animo,
286 703 454 777 tanquam
476 704 727 778 prosequentes
750 697 880 777 singuli
905 698 1083 780 proprium

131 795 309 871 interesse,
336 813 377 857 ac
407 795 618 858 salutaribus
650 794 791 859 monitis
820 795 997 858 effectibus
1024 815 1083 859 eos

129 901 166 957 et
178 893 479 958 exhortationibus
496 894 657 957 inducere
675 914 744 958 non
759 904 960 976 postponas.
1010 894 1083 957 Da·

131 1001 205 1056 tum
222 992 398 1068 Laterani,
418 1011 527 1056 nonas
549 992 716 1076 Augusti,
733 993 956 1074 pontificatus
975 994 1083 1057 nostri

131 1111 222 1155 anno
238 1090 413 1157 secundo.'

133 1262 285 1336 Quomodo
293 1263 431 1348 popolus
446 1264 606 1328 Ronmnm
620 1264 769 1329 excitarit
783 1266 959 1331 seditionem
977 1275 1086 1332 contra

423 1364 599 1428 Romam
606 1365 791 1448 pontificma.

189 1484 259 1549 Per
275 1484 366 1548 idem
383 1492 520 1567 tempus
541 1486 689 1568 populus
708 1485 888 1550 Romanus
906 1488 940 1550 in
958 1507 1086 1571 papam
1099 1512 1206 1562 respo·

135 1582 343 1665 Gregorium
365 1577 585 1648 ¹seditionem
602 1586 796 1649 excitantes
813 1587 848 1648 in
867 1587 1086 1651 solemnitate
1100 1563 1250 1660 ῗιῖἶέἶιξῗιῗο

136 1682 299 1747 Pascbali
334 1683 432 1745 illum
463 1684 640 1766 ejecerunt
665 1685 709 1746 ab
737 1686 832 1760 urbe,
866 1686 1087 1768 insequentes
1099 1662 1178 1712 ΡΜ

133 1802 210 1845 eum
227 1801 338 1864 usque
356 1781 552 1846 Viterbium
582 1783 763 1846 castellum
791 1803 904 1861 suum,
931 1786 990 1848 ubi
1017 1786 1086 1850 for-

135 1881 216 1945 titer
239 1880 493 1945 invalescentes
518 1881 726 1962 fugaverunt
749 1900 825 1944 eum
849 1902 958 1965 usque
978 1883 1087 1947 Peru-

133 1979 234 2044 sium.
288 1980 396 2062 Papa,
414 1980 509 2044 aliud
533 1981 695 2043 vindictae
717 2000 827 2061 genus
853 2001 922 2044 non
944 1981 1087 2059 babens,

133 2087 372 2161 persecutores
401 2100 484 2144 suos
517 2080 884 2143 excommunicationis
915 2083 1088 2144 sententia

138 2178 330 2242 innodavit.
385 2178 516 2242 Eodem
539 2186 692 2261 tempore
712 2199 775 2242 rex
793 2179 1006 2243 Francorum
1024 2181 1087 2243 mi·

136 2278 183 2342 sit
212 2278 249 2339 in
277 2276 499 2341 Provinciam
526 2297 631 2360 super
660 2279 819 2342 comitem
851 2279 1087 2343 Tholosanum

137 2377 392 2459 expeditionem
410 2397 479 2440 non
494 2377 662 2440 modicam
687 2378 881 2456 militarem,
905 2386 944 2443 ut
959 2380 1088 2443 dictum

137 2476 297 2540 comitem
330 2476 543 2539 debellarent
569 2484 605 2539 et
631 2477 675 2539 ab
700 2477 769 2540 illis
795 2478 919 2541 linibus
947 2478 1088 2561 propul-

138 2582 267 2639 sarent.
303 2573 497 2639 Audientes
512 2583 627 2639 autem
645 2575 737 2657 quod
753 2577 865 2640 dictus
882 2597 996 2641 comes
1015 2586 1090 2641 erat

139 2680 223 2737 tunc
239 2673 332 2755 apud
343 2682 493 2737 castrum
508 2675 732 2750 Saracenum,
746 2675 838 2755 quod
854 2675 897 2737 ad
912 2676 972 2758 jus
987 2695 1090 2738 suum

138 2780 295 2854 spectare
320 2774 514 2849 videbatur,
536 2775 764 2836 decreverunt
786 2793 863 2836 eum
888 2773 1013 2836 ibidem
1036 2775 1089 2835 in-

140 2871 273 2935 clusum
298 2872 475 2935 obsidione
491 2873 643 2951 vallare;
671 2890 785 2934 comes
804 2892 884 2935 vero
909 2871 952 2934 de
972 2891 1090 2934 eorum

139 2970 291 3034 adventu
314 2970 541 3052 praemunitus
561 2990 639 3034 cum
660 2971 793 3052 ingenti
816 2971 917 3053 copia
939 2979 1090 3034 armato-

140 3089 218 3132 rum
231 3070 300 3132 illis
316 3070 533 3134 venientibus
560 3070 702 3133 insidias
720 3070 870 3153 paravit,
893 3077 928 3133 et
947 3071 983 3132 in
1001 3070 1090 3134 silva

142 3169 305 3250 quadam,
327 3189 389 3250 per
412 3189 516 3251 quam
541 3169 668 3233 Franci
688 3176 787 3232 erant
803 3170 995 3245 transituri,
1012 3189 1090 3233 cum

140 3268 213 3330 suis
244 3267 448 3331 delitescens
470 3268 620 3331 bostium
648 3270 866 3350 exspectavit
890 3268 1090 3333 adventum.

140 3366 370 3430 Venientibus
386 3375 501 3430 autern
520 3367 745 3448 Francigenis
768 3369 811 3431 ad
834 3368 948 3433 locum
971 3370 1091 3432 insidi-

144 3485 255 3541 arum,
283 3467 383 3531 irruit
410 3465 445 3528 in
474 3486 534 3530 eos
560 3487 638 3530 cum
663 3468 735 3529 suis
760 3467 953 3548 legionibus
977 3487 1092 3531 comcs

178 3655 346 3706 'Seditionem
363 3657 528 3720 excitantes]
553 3657 606 3705 The
632 3657 664 3705 he
675 3656 787 3705 restored
800 3657 820 3703 it
830 3656 906 3717 again
918 3661 943 3703 to
954 3655 996 3704 the
1003 3655 1094 3703 former

143 3727 216 3776 mode
240 3726 373 3787 employed
392 3728 427 3787 by
446 3727 564 3776 Frederic
581 3733 607 3774 tc
633 3740 785 3786 possessore,
796 3730 821 3773 to
833 3726 864 3773 be
877 3724 936 3772 held
948 3724 1055 3785 bythem
1067 3725 1094 3772 in

145 3798 230 3846 obtain
241 3795 292 3843 this
304 3796 460 3844 intluenceis
476 3796 558 3844 stated
573 3797 606 3857 by
632 3795 685 3844 see:
702 3795 776 3843 when
788 3793 911 3842 therefore
923 3794 964 3842 the
981 3808 1095 3853 emperor

144 3880 160 3914 a
178 3870 369 3926 contemporary
390 3865 476 3913 writer
496 3871 521 3913 to
543 3865 607 3914 have
632 3862 1094 3925 wasagninexccmmuuieated,these

142 3935 206 3984 been
218 3948 247 3983 as
258 3933 373 3983 follows:
391 3935 433 3983 He
450 3939 505 3983 sent
521 3938 547 3982 tc
564 3934 607 3983 the
633 3948 689 3982 men
708 3933 807 3981 excited
826 3933 868 3981 the
886 3932 976 3993 pecple
995 3933 1096 3993 against

145 4004 216 4054 chief
231 4018 298 4063 men,
316 4004 374 4052 ‘the
394 3999 564 4065 Frangipani,’
583 4003 612 4053 cf
633 4004 675 4051 the
686 4016 760 4063 pope,
767 4002 817 4050 and
827 4002 859 4050 he
866 4016 921 4050 was
933 4002 1020 4049 driven
1031 4001 1094 4049 from

144 4074 186 4123 the
201 4074 264 4134 city,
277 4074 327 4121 and
340 4073 481 4122 demanded
498 4073 527 4122 cf
540 4073 607 4121 thern
633 4073 674 4121 the
693 4073 760 4132 city:
787 4072 896 4121 Conrad.
920 4073 1043 4134 Ursperg.
1069 4072 1096 4120 in

145 4160 177 4194 an
186 4143 328 4193 accountcl
333 4143 374 4191 the
384 4143 458 4191 value
468 4142 497 4191 cf
501 4143 535 4191 all
544 4143 609 4192 their
635 4142 771 4206 Raynaldb
781 4142 799 4193 i.
811 4159 837 4204 p.
850 4147 907 4191 606.

145 4217 281 4275 property3
292 4212 386 4273 having
397 4211 540 4273 purchased
549 4210 609 4272 this,
