2978 4996
382 435 523 483 roonis
547 434 815 483 nrsronrnnuu.
1031 418 1075 482 47

121 598 260 674 captam
288 589 493 654 hortabatur
521 591 565 655 ad
599 591 673 655 Nili
700 592 850 656 fluminis
879 594 1073 657 transitum.
1088 611 1212 651 nuum

124 691 182 754 Illi
218 696 348 764 autem,
384 709 462 754 curn
498 710 626 772 magno
661 692 814 773 periculo
850 712 912 774 per
946 693 1074 757 flumen
1088 661 1204 751 iiiiii..

123 809 261 854 sursum
297 808 375 852 cum
409 790 556 852 navibus
596 790 823 854 ascendentes
861 792 952 855 inter
989 793 1075 855 civi·

51 920 59 931 ·
124 897 232 953 tatem
260 895 295 952 et
324 888 446 951 turrim
477 896 628 969 captam,
662 889 829 952 machinis
856 889 1008 954 civitatis
1040 899 1076 954 et

124 989 207 1068 igne
223 986 349 1050 Graeco
372 993 455 1049 suut
472 1006 540 1049 non
564 986 782 1051 mediocriter
805 988 985 1070 impediti;
1014 1009 1074 1052 un-

126 1088 169 1150 de
191 1086 330 1161 accidit,
353 1091 392 1148 ut
413 1103 483 1148 una
509 1084 609 1149 navis
632 1085 922 1167 Tempiariorum,
945 1088 979 1150 vi
1002 1067 1074 1150 tor-

126 1185 234 1248 rentis
261 1183 422 1265 impulsa,
444 1203 550 1265 prope
568 1184 680 1266 ripam
703 1185 856 1249 civitatis
871 1192 975 1268 capta
991 1186 1076 1250 suis-

126 1291 192 1359 set,
229 1301 307 1364 quae
345 1302 422 1344 curn
459 1282 735 1363 praecipitaretur
773 1283 817 1347 ad
851 1284 968 1347 hostes
997 1303 1075 1347 cum

128 1382 283 1446 barbotis
302 1388 338 1444 et
353 1380 451 1442 uncis
470 1380 588 1444 ferreis
614 1382 726 1463 ipsam
748 1382 878 1446 diutius
893 1384 1076 1465 impugna·

129 1488 221 1556 runt,
244 1480 360 1561 ignem
378 1478 541 1542 Graecum
562 1499 665 1560 super
687 1500 764 1543 eam
790 1481 1011 1564 projicientes
1034 1481 1076 1543 de

131 1578 283 1643 turribus
312 1576 489 1656 civitatis3
521 1586 556 1641 et
589 1597 667 1641 cum
701 1581 903 1661 praevalere,
934 1586 1078 1661 propter

127 1677 345 1740 defensorum
380 1675 571 1753 audaciam,
610 1696 679 1740 non
714 1679 882 1753 valerent,
919 1680 1076 1741 certatim

130 1795 253 1840 navem
280 1775 505 1838 ascendentes
529 1775 696 1838 increduli
720 1777 916 1857 praecipites
941 1778 977 1839 in
1001 1796 1076 1840 eam

129 1875 174 1938 ad
200 1872 417 1955 Templarios
452 1873 715 1949 descenderunt,
743 1874 802 1936 ubi
835 1893 913 1937 cum
947 1875 1077 1939 diutius

128 1979 353 2056 pugnaretur,
372 1972 471 2034 navis
488 1972 627 2036 tandem
643 1971 831 2053 perforata,
847 1973 921 2036 sive
938 1974 982 2036 ab
999 1973 1078 2035 hos-

129 2073 234 2147 tibus,
259 2071 334 2135 sive
362 2090 384 2134 a
410 2070 579 2146 fidelibus,
606 2077 645 2133 ut
671 2070 787 2153 potius
811 2071 972 2143 creditur,
999 2089 1079 2152 pro·

131 2170 276 2234 fundum
303 2168 454 2232 fluminis
477 2168 624 2251 [petiit],
647 2170 870 2250 submergens
892 2169 1079 2251 AEgyptios

132 2278 167 2333 et
188 2268 417 2343 Christianos,
439 2268 490 2331 ita
512 2277 551 2331 ut
574 2268 635 2331 vix
659 2267 741 2331 maii
769 2268 949 2332 summitas
972 2287 1080 2350 appa·

131 2375 245 2446 reret3
278 2374 314 2429 et
333 2366 423 2430 sicut
445 2365 615 2449 Sampson
642 2366 758 2448 plures
780 2368 906 2430 stravit
930 2367 1079 2430 moriens

132 2485 237 2548 quarn
260 2465 393 2541 vivens,
415 2465 466 2528 sic
485 2473 520 2529 et
536 2465 595 2527 isti
612 2473 782 2547 martyres
803 2465 933 2530 Christi
961 2466 1077 2547 plures

131 2582 247 2628 secum
261 2564 297 2626 in
311 2582 412 2644 aquae
423 2564 619 2644 voraginem
632 2570 826 2641 traxerunt,
838 2582 941 2646 quam
954 2563 1078 2645 gladiis

134 2664 277 2745 perdere
305 2670 501 2745 potuerunt.
553 2661 687 2726 Deinde
714 2670 854 2743 pontem
879 2670 1079 2744 reparantes

132 2762 262 2843 pagani
294 2767 491 2843 aperturam
522 2760 610 2824 adeo
644 2759 857 2841 reliquerunt
883 2767 1080 2840 angustam,

133 2866 172 2924 ut
182 2878 289 2923 naves
303 2859 451 2922 fidelium
467 2859 542 2922 sinc
558 2859 711 2940 periculo
727 2858 877 2921 fluminis
896 2857 1080 2920 ascendere

134 2979 203 3022 non
229 2957 396 3033 valerent,
432 2958 493 3021 sed
524 2958 687 3021 Frisones
718 2965 754 3021 et
783 2955 980 3032 Teutonici,
1007 2955 1081 3019 zelo

130 3057 238 3140 justae
265 3055 513 3137 indignationis
536 3056 695 3132 accincti,
724 3074 800 3118 cum
831 3055 955 3138 majori
987 3053 1080 3130 navi,

135 3155 235 3238 cujus
251 3154 439 3218 ministerio
457 3154 562 3219 turris
580 3162 683 3237 capta
698 3154 823 3231 iuerat,
839 3161 980 3236 pontem
998 3154 1081 3217 viri-

135 3253 216 3317 liter
233 3253 458 3332 invaserunt;
488 3254 656 3317 auxilium
679 3253 811 3316 nulium
829 3252 995 3317 habentes
1013 3252 1080 3315 nisi

135 3351 177 3416 de
203 3351 301 3429 caelo,
327 3351 507 3434 pauciores
536 3370 640 3433 quam
665 3350 782 3415 decem
810 3352 876 3415 viri
907 3351 950 3415 de
976 3358 1081 3432 gente

135 3451 302 3532 praedicta
327 3457 449 3513 contra
472 3470 606 3514 omnem
625 3449 862 3514 fortitudinem
889 3450 1082 3532 Babylonis

135 3557 274 3631 pontem
313 3549 551 3626 ascendeutes,
587 3557 767 3631 spectante
806 3548 1083 3612 Christianorum

134 3646 356 3711 multitudine
384 3655 419 3710 et
442 3646 532 3710 hanc
558 3647 739 3711 audaciam
762 3646 946 3729 plurimum
973 3643 1084 3707 admi-

135 3753 245 3822 rante,
276 3745 454 3828 sregerunt
486 3745 645 3823 eundem,
678 3754 713 3810 et
745 3746 794 3808 sic
829 3763 906 3807 cum
936 3749 1086 3824 quatuor

137 3845 296 3921 navibus,
312 3864 416 3927 super
433 3864 520 3926 quas
543 3853 619 3909 erat
645 3863 732 3927 pons
754 3842 931 3917 fundatus,
955 3840 1086 3903 reversi

137 3950 219 4006 sunt
249 3962 328 4006 cum
357 3942 544 4026 triumpho,
574 3943 718 4006 liberam
744 3942 837 4004 viam
865 3946 900 4002 et
929 3945 1086 4021 apertam

138 4041 346 4106 Christianis
380 4061 516 4105 sursum
545 4040 717 4106 velificare
747 4038 943 4102 volentibus
981 4038 1085 4101 relin-

138 4148 296 4223 quentes.
350 4140 407 4217 Et,
425 4140 479 4203 his
495 4141 546 4204 ita
562 4140 683 4222 gestis,
701 4138 863 4202 Saraceni
885 4137 1086 4220 periculum,
