2978 4996
402 457 467 520 154
662 472 795 520 noorai
821 472 868 519 nn
891 471 1098 521 wannovnn

242 644 364 685 ωηατ.
403 628 560 692 laborum
580 629 751 710 acciperet
772 646 935 692 coronam
956 629 1050 703 vitae,
1070 646 1174 709 quam
1195 627 1293 690 Deus
1317 648 1354 692 se

405 727 628 808 diligentibus
657 727 862 809 repromisit.
926 727 1051 808 Itaque
1074 727 1196 808 quinto
1219 727 1352 790 decimo

404 827 460 889 die
486 833 567 889 ante
594 827 726 889 exitum
757 846 857 889 suum
879 826 921 889 de
951 844 1094 906 corpore
1117 833 1354 907 apparuerunt

404 924 550 988 uulnera
572 926 605 988 in
632 926 791 988 manibus
824 925 899 1008 ejus
921 924 1121 1006 etpedibus
1148 926 1352 1005 sanguinem

400 1024 535 1106 jugiter
554 1023 758 1101 emittentia,
785 1024 876 1087 sicut
898 1024 934 1085 in
963 1024 1083 1086 mundi
1109 1022 1292 1086 Salvatore
1314 1024 1351 1085 in

403 1121 500 1203 ligno
522 1124 692 1205 pendente
709 1130 941 1204 apparuerant
956 1141 1034 1185 cum
1055 1122 1314 1203 crucifigeretur
1331 1140 1353 1184 a

404 1220 427 1283 J
431 1222 551 1285 udseis.
598 1222 707 1285 Latus
722 1240 860 1304 quoque
876 1221 952 1305 ejus
974 1221 1134 1284 dextrum
1151 1220 1237 1283 adeo
1255 1239 1352 1302 aper-

406 1327 478 1383 tum
501 1328 536 1383 et
556 1340 676 1384 cruore
700 1339 893 1402 respersum
920 1321 1093 1402 apparuit,
1115 1327 1155 1382 ut
1172 1321 1276 1382 etiam
1299 1338 1353 1383 se-

405 1428 499 1482 creta
521 1419 633 1482 cordis
655 1419 778 1482 intima
798 1419 982 1500 perspicua
998 1418 1204 1483 viderentur.
1258 1416 1351 1495 Quid

405 1519 513 1597 ergol
544 1517 657 1580 sactus
683 1524 736 1579 est
769 1518 813 1580 ad
845 1537 922 1581 enm
956 1536 1144 1581 concursus
1174 1517 1350 1580 hominum

404 1614 585 1697 utriusque
622 1634 728 1679 sexus
761 1635 833 1678 rem
864 1623 933 1679 tam
971 1616 1145 1680 insolitam
1178 1614 1352 1678 admiran-

406 1712 520 1792 tium;
552 1715 642 1776 inter
678 1733 766 1795 qnos
799 1715 904 1777 etiam
932 1715 1000 1796 ipsi
1030 1714 1222 1777 cardinales
1255 1733 1352 1777 acce·

405 1811 527 1874 dentes
560 1813 828 1876 sciscitabantur
866 1813 911 1875 ab
947 1832 1000 1889 eo,
1039 1813 1122 1894 quid
1157 1812 1232 1876 baec
1263 1813 1351 1876 visio

405 1910 471 1971 sibi
491 1910 607 1974 vellet.
658 1911 800 1988 ‘Haec,'
821 1911 945 1993 inquit,
960 1916 971 1945 ⁴
986 1912 1075 1974 visio
1090 1913 1127 1973 in
1149 1931 1203 1975 me
1224 1911 1352 1975 idcirco

406 2016 546 2073 ostensa
568 2017 633 2087 est,
649 2012 774 2092 quibus
798 2010 999 2092 mysterium
1021 2010 1133 2074 crucis
1155 2010 1353 2091 praedicavi,

406 2115 446 2170 ut
465 2109 614 2172 credatis
640 2110 676 2171 in
702 2109 802 2185 Eum,
825 2109 884 2190 qni
909 2128 971 2190 pro
996 2109 1115 2172 mundi
1139 2108 1253 2172 salute
1276 2108 1352 2172 haec

406 2225 484 2286 quin
505 2207 630 2269 videtis
654 2207 798 2270 vulnera
819 2206 854 2269 in
884 2226 984 2271 cruce
1015 2206 1169 2289 pertulit,
1191 2214 1226 2271 et
1248 2208 1352 2270 etiam

406 2312 447 2367 ut
468 2325 522 2367 me
548 2305 667 2368 sciatis
693 2305 769 2386 ejus
795 2324 872 2368 esse
900 2325 1049 2382 servum,
1075 2326 1176 2389 quem
1202 2325 1353 2387 evange·

406 2403 510 2465 lizavi
541 2403 639 2465 vobis
667 2403 881 2481 crucifixum,
911 2411 1085 2468 mortuum
1111 2413 1147 2469 et
1168 2406 1352 2468 resuscita·

407 2508 493 2576 tum,
527 2507 563 2563 et
592 2507 643 2578 ut,
670 2503 764 2565 omni
798 2502 1024 2583 ambiguitate
1056 2512 1200 2580 remota,
1222 2504 1258 2566 in
1287 2504 1353 2566 hac

406 2598 485 2661 fidei
517 2602 716 2664 constantia
752 2621 862 2683 usque
893 2602 928 2663 in
959 2602 1060 2665 finem
1098 2602 1351 2684 perseveretis3

406 2697 481 2760 haec
506 2698 661 2776 vulnera,
690 2718 768 2781 quae
798 2701 834 2762 in
860 2720 915 2763 me
941 2700 992 2764 ita
1013 2701 1139 2764 videtis
1168 2709 1290 2783 aperta
1317 2708 1353 2764 et

406 2798 576 2879 sanguine
598 2805 791 2875 cruentata,
814 2799 933 2861 statim
955 2819 1033 2862 cum
1053 2800 1235 2863 defunctus
1255 2798 1352 2863 fuero

407 2896 493 2959 adeo
516 2916 603 2960 sana
624 2905 726 2961 erunt
745 2904 781 2959 et
797 2897 1018 2974 cohaerentia,
1040 2905 1080 2962 ut
1098 2899 1195 2962 carni
1217 2905 1352 2961 caeterae

406 2995 533 3057 similia
556 2996 740 3059 videantur
756 2996 783 3072 ;’
809 2996 869 3077 qui
901 2997 1065 3059 continuo
1100 2998 1230 3079 absque
1260 2998 1352 3059 omni

407 3095 561 3174 corporis
603 3094 767 3173 angustia
811 3102 847 3157 et
880 3096 1035 3159 cruciatu
1074 3114 1177 3160 carne
1217 3096 1359 3165 solutus,

407 3190 556 3253 reddidit
577 3192 735 3271 spiritum
769 3211 833 3256 suo
857 3191 1025 3257 Creatori.
1078 3194 1158 3270 Quo
1180 3194 1354 3270 defuncto,

407 3287 503 3349 nulla
521 3289 701 3352 vulnerum
724 3291 964 3371 praedictorum
987 3294 1023 3355 in
1045 3293 1165 3371 latere,
1180 3293 1235 3357 vel
1258 3293 1352 3375 pcdi-

407 3387 470 3447 bus
496 3385 571 3467 ejus
598 3388 672 3450 sive
695 3391 865 3466 manibus,
888 3391 1084 3472 [stigmata]
1105 3400 1353 3456 remanserunt.

406 3483 550 3565 Sepulto
573 3492 688 3549 autem
711 3489 785 3550 viro
808 3489 875 3551 Dei
894 3490 929 3551 in
953 3490 1104 3554 oratorio
1125 3511 1200 3567 sno,
1224 3490 1355 3553 Roma·

407 3602 471 3645 nus
490 3585 647 3664 pontifex
669 3587 780 3669 ipsum
801 3587 837 3649 in
855 3589 1052 3670 catalogum
1075 3597 1274 3653 sanctorum
1294 3589 1354 3651 ad-

406 3683 512 3758 misit,
547 3692 582 3747 et
613 3684 701 3747 diem
731 3686 806 3770 ejus
836 3687 1062 3769 depositionis
1094 3690 1281 3754 solenniter
1302 3688 1355 3750 in-

407 3782 519 3845 stituit
537 3783 712 3847 celebrari.
