2978 4996
370 456 438 522 272
627 470 762 520 sooner
786 469 833 517 nn
856 468 1063 518 wsnnovnn

210 645 334 685 noma
373 627 488 710 posito
503 626 714 709 juramento,
732 625 825 708 quod
849 625 965 689 nulius
984 645 1103 689 eorum
1127 632 1252 690 contra
1274 647 1329 690 re-

374 746 451 807 gem
476 726 550 789 siue
570 725 680 788 altero
700 724 934 788 concordaret.
986 724 1087 786 Tunc
1108 723 1145 786 in
1171 727 1328 791 crastino

374 823 620 907 assumptionis
653 824 766 886 beata
798 821 921 886 Mariae
956 823 1198 904 applicuerunt
1233 824 1327 907 apud

375 925 549 988 Doveram
577 922 642 984 viri
669 920 793 985 armati
812 920 913 984 multi
931 940 976 983 ex
994 922 1192 1002 regionibus
1213 929 1328 986 trans-

373 1022 515 1085 marinis
535 1021 711 1085 venientes
732 1019 828 1084 etad
851 1039 969 1101 regem
987 1019 1080 1102 apud
1096 1018 1325 1085 Gioverniam

373 1127 630 1202 perveneruut;
664 1126 788 1182 atres
807 1117 945 1182 illorum
968 1126 1004 1181 et
1028 1117 1173 1182 aliorum
1195 1120 1326 1184 multo·

373 1238 449 1282 rum
470 1218 622 1282 vallatus
644 1217 793 1281 catervis
822 1216 866 1279 ud
890 1216 1180 1281 Hereiordensem
1203 1218 1325 1282 urbem

373 1317 563 1381 exercitum
577 1316 760 1398 promovit.

421 1488 471 1551 Dc
486 1487 609 1571 injurio
631 1485 779 1563 Walters,
794 1484 991 1550 Karbobmi
1005 1485 1151 1570 episcopo,
1166 1485 1276 1551 illota.

424 1611 492 1674 Per
515 1611 605 1675 idem
627 1618 763 1693 tempus
778 1610 968 1687 Walterus,
988 1609 1226 1675 Karieoleusis
1248 1613 1323 1694 epi-

373 1729 511 1792 scopus,
537 1703 615 1792 ¹pro
642 1709 846 1793 quibusdam
871 1708 1007 1793 injuriis
1030 1727 1053 1772 a
1074 1728 1156 1790 rege
1184 1711 1263 1788 sibi,
1281 1718 1323 1776 nt

373 1808 523 1886 dicebat,
550 1809 668 1886 illatis,
699 1809 790 1891 apud
817 1808 992 1872 Doveram
1017 1826 1140 1871 navem
1168 1817 1245 1874 erat
1268 1809 1323 1872 in-

373 1928 525 1989 gressus,
552 1917 592 1973 ut
616 1907 877 1986 transfretaret3
903 1913 1177 1988 supervenerunt
1203 1916 1321 1972 autem

372 2007 513 2089 quidam
537 2007 685 2071 ministri
711 2006 803 2087 regis
830 2004 1006 2088 ejicientes
1038 2024 1115 2068 eum
1145 2024 1224 2068 cum
1248 2007 1322 2070 suis

373 2106 532 2170 omnibus
549 2105 699 2180 donavi,
716 2111 752 2168 et
766 2104 909 2167 fimiter
923 2122 969 2167 ex
985 2109 1085 2185 parte
1105 2103 1213 2185 ipsius
1229 2104 1322 2186 regis

372 2205 610 2285 prohibebant,
639 2222 683 2265 ne
711 2203 841 2285 absque
862 2201 955 2264 illius
983 2201 1122 2266 licentia
1143 2202 1187 2264 de
1212 2221 1321 2283 regno

373 2303 496 2365 exiret.
544 2299 722 2381 Applicuit
739 2308 853 2364 autem
870 2308 1036 2381 tempore,
1052 2319 1122 2381 quo
1138 2299 1213 2364 baec
1228 2300 1322 2366 facta

373 2406 473 2462 eraut
491 2398 629 2475 ibidem,
651 2398 825 2479 Rogems,
845 2397 1097 2461 Londoniensis
1125 2399 1321 2482 episcopus,

372 2513 395 2557 a
416 2496 513 2559 curia
533 2495 695 2560 Romana
721 2516 891 2572 reversus,
914 2496 974 2577 qui
999 2496 1120 2559 videns
1142 2496 1318 2580 injuriam,

372 2613 450 2676 quae
479 2595 627 2676 praefato
648 2594 860 2658 inserebatur
886 2595 1059 2677 episcopo,
1083 2596 1320 2660 excommuni-

374 2693 469 2757 cavit
488 2712 619 2769 omues,
641 2693 700 2774 qui
726 2693 761 2756 in
784 2711 862 2755 eum
884 2711 1007 2757 manus
1033 2692 1224 2776 injecerant
1247 2695 1320 2759 vio·

372 2789 497 2869 lentas,
520 2799 556 2855 et
579 2791 658 2854 iude
680 2790 855 2873 proiectus
878 2791 921 2854 ad
947 2809 1061 2871 regom
1085 2791 1221 2862 invenit
1242 2811 1319 2857 eum

372 2889 464 2971 apud
487 2891 606 2954 urbem
631 2888 919 2952 Hereiordensem
946 2888 982 2950 in
1003 2888 1135 2952 Waliia
1157 2909 1235 2955 cum
1259 2908 1321 2954 ox·

373 2988 482 3051 ercitu
505 2987 668 3069 copioso;
700 2976 768 3049 ubi‘
783 2987 820 3050 in
845 2987 1032 3068 praesentia
1056 2987 1148 3067 regis
1176 2994 1211 3051 et
1234 3008 1320 3071 quo·

375 3085 519 3148 rundam
551 3086 790 3166 episcoporum
825 3084 867 3147 de
899 3084 1065 3148 violentia
1098 3083 1318 3151 Karieolensi

373 3183 535 3265 episcopo
565 3183 664 3246 illota
694 3183 926 3265 supradictam
953 3183 1318 3248 excommunicationis

373 3281 577 3343 sententiam
591 3282 783 3357 innovavit,
811 3300 879 3363 non
898 3280 1114 3345 mediocriter
1128 3301 1210 3363 rege
1228 3302 1318 3346 mur·

372 3385 543 3454 mutante,
565 3385 612 3455 et,
638 3399 681 3442 ne
706 3379 811 3442 talem
835 3380 939 3443 ferret
961 3379 1180 3457 sententiam,
1201 3381 1318 3462 probi·

372 3475 496 3553 bente3
521 3495 598 3539 cum
620 3496 689 3558 quo
712 3477 815 3541 etiam
833 3477 1026 3560 omnesqui
1049 3476 1235 3542 adsuerunt
1250 3479 1319 3561 epi-

372 3575 469 3655 scopi
510 3574 588 3638 iilos
621 3575 1004 3639 excommunicaverunt
1038 3574 1232 3654 universos,
1262 3576 1319 3660 qui

371 3670 476 3755 hujus
491 3674 761 3754 perturbationis
776 3675 991 3738 occasionem
1008 3674 1236 3755 praestabant.

405 3885 480 3938 1Ρνο
512 3890 653 3953 quibusdum
685 3890 793 3951 iniuriis.
822 3891 833 3954 ]
859 3893 982 3943 custodiis
993 3899 1018 3943 et
1028 3896 1170 3955 questibus
1180 3893 1319 3960 spoliatus!

370 3957 380 3987 ⁴
394 3957 485 4008 Officio
500 3959 651 4010 mesaumrii
670 3967 696 4009 et
717 3960 833 4011 omnibus
860 3962 1169 4025 commoraremur.
