2978 4996
366 440 432 505 334
623 454 756 502 noenru
783 456 828 501 nn
852 455 1059 503 wnunovnn

204 644 328 685 norro.
368 615 481 679 solent
502 614 539 677 in
568 613 882 695 concupiscentiam
912 614 1106 690 mulierum,
1137 614 1190 678 ita
1219 614 1321 678 deco·

368 723 446 778 rata
468 712 692 795 resplenduit,
715 721 755 776 ut
774 713 874 795 quasi
899 713 1143 794 impretiabilia
1161 714 1320 777 videren-

369 823 436 877 tur.
489 812 533 876 In
556 811 767 875 indumentis
792 820 908 875 autem
929 811 1076 888 festivis,
1099 819 1172 875 tam
1199 813 1321 876 sericis

369 931 473 995 quam
498 911 607 974 laneis
622 911 679 974 vel
698 910 797 974 lineis
817 910 943 974 diversi
966 911 1093 974 coloris
1115 919 1151 974 et
1168 912 1320 993 impera·

370 1013 446 1075 trici
468 1009 691 1090 dignissimis,
707 1009 795 1073 adeo
816 1010 937 1074 induta
960 1010 1096 1086 enituit,
1115 1017 1154 1073 nt
1172 1011 1233 1073 vix
1251 1012 1320 1075 sci·

370 1118 423 1173 ret
440 1130 484 1173 ex
507 1109 625 1172 multis
643 1109 702 1191 qui
724 1108 868 1190 eligeret
882 1109 1008 1191 quibus
1030 1109 1067 1171 in
1089 1108 1143 1172 sui
1166 1128 1320 1174 amorem

370 1209 587 1290 imperatoris
610 1209 761 1272 animum
788 1207 981 1271 inclinaret.
1035 1207 1162 1272 Lectus
1180 1229 1321 1291 quoque

370 1309 479 1390 ipsius
498 1308 534 1369 in
551 1308 734 1389 opertoriis
751 1314 787 1370 et
802 1307 955 1371 culcitris
975 1305 1094 1370 sericis
1116 1307 1247 1371 diversi
1262 1328 1321 1372 co·

370 1406 466 1483 loris,
488 1426 566 1469 cum
583 1407 681 1470 varia
698 1405 904 1488 supellectili
922 1413 957 1470 et
972 1404 1255 1471 lintheaminibus
1275 1427 1319 1472 ex

371 1505 514 1568 sindone
531 1505 659 1568 munda
676 1506 820 1587 paratis,
836 1513 908 1569 tam
931 1512 1154 1586 sumptuosus
1170 1507 1322 1584 exstitit,

372 1612 410 1667 ut
427 1622 492 1666 sua
509 1603 652 1668 mollitie
670 1605 707 1666 in
722 1623 760 1667 se
776 1604 991 1687 quiescentes
1016 1603 1060 1666 ad
1082 1624 1243 1668 somnum
1260 1605 1321 1669 de·

372 1702 564 1766 lectabilem
581 1703 757 1767 invitaret.
803 1702 903 1767 Vasa
919 1704 1022 1766 etiam
1041 1703 1168 1779 omnia,
1183 1711 1255 1767 tam
1272 1706 1322 1769 vi-

372 1801 471 1865 naria
487 1820 590 1884 quam
615 1800 810 1877 torcularia,
831 1821 876 1865 ex
898 1810 1042 1883 argento
1065 1809 1165 1865 erant
1182 1811 1219 1867 et
1234 1822 1321 1868 auro

372 1901 575 1982 purissimo;
598 1909 645 1977 et,
664 1900 755 1984 quod
772 1902 930 1964 omuibus
947 1900 1158 1983 superfluum
1179 1900 1322 1966 videba-

373 2007 442 2077 tur,
451 2000 530 2064 ollae
539 2020 657 2064 omnes
671 1998 829 2083 coquinae
844 2000 992 2084 majores
1004 2001 1145 2082 pariter,
1156 2001 1320 2078 minores,

373 2118 417 2161 ox
433 2108 580 2179 argento
599 2100 693 2163 fuere
719 2099 913 2181 purissimo.
966 2099 1022 2163 Ad
1041 2118 1187 2181 quorum
1210 2102 1322 2164 omui·

373 2217 430 2260 um
449 2198 780 2261 administrationem
797 2205 833 2261 et
849 2198 1041 2263 custodiam
1057 2198 1145 2262 tales
1161 2199 1321 2282 deputati

372 2304 455 2358 sunt
472 2294 619 2359 ministri
638 2297 797 2374 curiales,
820 2298 880 2379 qui
905 2297 972 2379 ipsi
995 2297 1205 2379 imperatrici
1226 2306 1263 2362 et
1279 2299 1321 2362 il·

373 2392 440 2455 lius
466 2393 606 2456 familiae
629 2414 723 2458 more
757 2397 853 2476 regio
876 2397 1121 2460 ministrarent.
1172 2396 1321 2461 Talibus

373 2498 487 2554 autem
504 2499 537 2555 et
554 2492 631 2555 aliis
648 2495 765 2558 multis
785 2495 901 2576 puella
919 2515 940 2558 a
956 2514 1039 2576 rege
1054 2495 1161 2559 fratre
1177 2495 1322 2561 suffulta

373 2590 560 2653 honoribus
582 2599 617 2655 et
634 2592 755 2657 dotata
785 2595 983 2659 muneribus
1005 2595 1170 2657 remansit
1184 2595 1221 2658 in
1242 2615 1323 2659 cus·

374 2690 469 2754 todia
498 2692 650 2773 episcopi
674 2692 881 2757 Exoniensis
908 2700 944 2756 et
967 2692 1144 2774 Radulpbi
1167 2693 1230 2756 lilii
1254 2694 1322 2758 Ni·

372 2789 474 2866 colai,
497 2790 589 2870 regis
614 2790 808 2868 senescalli,
831 2800 866 2855 et
882 2792 1026 2855 aliorum
1047 2793 1200 2856 virorum
1222 2794 1323 2856 nobi·

330 2966 336 2977 ⁴
373 2889 456 2952 lium
487 2888 530 2952 de
558 2889 747 2954 domestica
773 2889 867 2954 illius
899 2890 1042 2967 familia,
1074 2890 1323 2956 comitantibus

373 2990 541 3053 matronis
565 2989 735 3052 nobilibus
757 2996 792 3053 et
809 2990 934 3071 puellis
955 2990 1142 3071 generosis,
1166 2991 1227 3072 qui
1248 3011 1324 3056 onr-

375 3107 434 3150 nes
452 3087 627 3151 curialiter
643 3087 767 3151 eruditi
790 3088 833 3150 ad
857 3089 1086 3171 imperatricis
1105 3088 1326 3157 sufficiebant

214 3215 331 3264 menne
342 3215 365 3252 or
375 3187 576 3268 obsequium
601 3195 636 3251 et
656 3185 873 3250 conductum.
926 3188 984 3264 Et,
1002 3187 1055 3251 bis
1077 3189 1111 3251 in
1135 3188 1226 3252 hunc
1248 3210 1326 3256 mo·

212 3264 349 3354 ihdd'dffm
375 3284 456 3346 dum
481 3283 671 3366 dispositiS,
691 3305 754 3349 rex
778 3286 814 3348 in
837 3285 893 3348 die
915 3288 1027 3350 sancti
1044 3286 1218 3351 lobannis
1241 3299 1324 3355 aute

375 3391 510 3463 portam
536 3382 695 3447 Latinam
719 3385 812 3467 apud
838 3385 1185 3450 Westmonasterium
1207 3391 1323 3453 tenuit

375 3483 515 3546 solenne
542 3483 667 3547 festum
691 3503 769 3547 cum
792 3484 1050 3567 archiepiscopo
1070 3485 1271 3550 Coloniensi
1288 3498 1324 3553 et

376 3583 509 3645 caeteris
525 3583 655 3647 nuntiis
671 3583 889 3665 imperatoris
902 3602 912 3660 ;
936 3593 971 3647 et
986 3585 1021 3646 iu
1035 3584 1187 3647 crastino
1203 3604 1325 3651 omnes

376 3680 467 3763 apud
487 3682 671 3746 Dertesord
693 3684 841 3763 burgum
866 3683 933 3746 iter
959 3682 1141 3765 arripiunt,
1158 3703 1240 3767 rege
1262 3704 1324 3750 co·

376 3782 470 3858 mite,
486 3800 563 3844 cum
578 3801 705 3862 magno
720 3782 883 3844 comitum
898 3800 938 3844 ac
952 3782 1119 3845 baronum
1136 3783 1324 3851 conductu.

376 3880 494 3962 Equos
510 3887 625 3944 autem
641 3887 693 3944 tot
707 3881 737 3942 ei
754 3891 790 3943 et
807 3879 894 3943 tales
921 3899 984 3943 rex
1000 3882 1201 3962 procuravit
1216 3886 1325 3949 variis

375 3981 546 4044 coloribus
559 3977 739 4042 distinctos
757 3985 791 4043 et
803 3978 957 4042 suaviter
973 3989 1165 4062 portantes,
1177 3982 1238 4063 qui
1251 3983 1325 4046 sus·

374 4077 536 4142 ficiebant
556 4077 599 4142 ad
620 4078 848 4160 imperatricis
869 4077 1045 4158 honorem,
1065 4078 1145 4142 dum
1168 4094 1325 4147 sessores

372 4195 454 4240 suos
480 4178 555 4242 sine
584 4179 708 4260 pedum
736 4176 923 4242 offensione
949 4178 1099 4276 quadam
1126 4179 1325 4247 delectabili
