2978 4996
400 446 539 496 rnoans
563 446 835 497 ursronrnauu.
1029 433 1095 498 271

143 606 286 684 propter
314 602 503 668 absentiam
536 603 672 667 comitis
708 602 906 667 Maresealli
936 611 972 667 et
997 603 1095 668 Gile-
1110 624 1164 665 ω.
1175 626 1232 665 12³³.

143 701 232 765 berti
260 701 388 765 Basset
420 709 456 765 et
485 701 702 785 quorundam
733 702 879 766 aliorum
904 703 1096 766 absentiam

144 808 369 882 magnatum
403 799 495 865 unde
528 819 603 876 rex,
639 820 701 882 per
733 800 913 864 consilium
942 801 1096 884 episcopi

145 897 397 964 wintoniensis
421 906 456 963 et
480 898 647 981 Stephani
673 899 717 963 de
741 898 907 980 Segrave,
936 899 1017 963 fecit
1043 900 1098 965 in-

144 996 257 1063 vitare
280 1017 343 1080 per
361 997 480 1062 literas
496 1016 615 1061 omnes
633 998 675 1061 de
694 1017 803 1079 regno
826 1005 1018 1078 magnates,
1037 999 1097 1080 qui

145 1096 211 1161 sibi
239 1095 285 1159 ad
311 1095 461 1160 militare
487 1095 666 1160 servitium
693 1098 912 1172 tenebantur,
939 1103 979 1159 ut
1002 1097 1098 1160 veni·

147 1202 224 1259 rent
250 1193 342 1276 apud
368 1193 591 1259 Gloverniam
613 1213 691 1258 cum
715 1195 813 1276 equis
840 1202 876 1258 et
903 1195 1007 1258 armis
1040 1195 1097 1258 die

148 1291 333 1357 Dominica
349 1300 429 1356 ante
446 1292 716 1374 assumptIonem
733 1295 845 1357 beatae
862 1293 997 1357 Mariae.
1028 1293 1097 1356 Sed

149 1390 347 1455 Richardus
370 1390 598 1454 Marescallus
620 1397 656 1453 et
675 1390 735 1454 alii
748 1391 860 1468 multi,
882 1392 944 1474 qui
960 1391 1097 1455 fuerant

146 1487 386 1565 confoederati,
407 1508 485 1551 cum
501 1489 618 1552 venire
636 1488 827 1554 noluissent
848 1488 892 1552 ad
915 1488 1006 1554 diem
1028 1497 1098 1554 sta-

149 1593 277 1663 tutum,
298 1586 381 1651 iecit
402 1607 478 1665 rex,
502 1589 598 1650 acsi
624 1587 818 1668 proditores
845 1596 971 1665 essent,
997 1588 1099 1652 villas

148 1705 267 1753 eornm
292 1685 514 1762 concremari,
538 1704 662 1768 parcos
688 1693 723 1751 et
741 1687 874 1750 vivaria
897 1706 1014 1750 eorum
1038 1687 1099 1750 de·

149 1793 295 1860 struere,
311 1784 454 1848 castella
470 1784 646 1848 obsidione
659 1784 801 1849 vallare.
854 1785 965 1848 Erant
983 1792 1099 1849 autem

151 1883 218 1949 viri
241 1883 388 1959 nobiles,
410 1883 470 1964 qni
494 1882 722 1947 consoederati
746 1883 961 1958 dicebantur,
985 1902 1099 1947 comes

149 1981 282 2046 seilicet
300 1981 541 2058 MarescalluS,
557 1979 754 2045 Gilebertus
775 1981 903 2044 Basset
924 1988 960 2044 et
975 1981 1099 2045 fratres

147 2079 239 2165 ejus,
251 2079 317 2144 viri
333 2079 518 2143 bellatores
536 2086 572 2143 et
588 2080 730 2157 nobiles,
748 2078 945 2143 Richardus
962 2079 1099 2156 Siuard,

150 2178 206 2242 vir
224 2178 369 2242 martius
391 2179 436 2241 ab
457 2177 702 2255 adolescentia,
714 2177 891 2241 Walterus
913 2177 956 2240 de
973 2177 1099 2241 Clitor-

150 2274 218 2353 dis,
240 2276 339 2340 miles
363 2275 505 2352 electus,
534 2295 612 2339 cum
633 2276 710 2339 aliis
734 2276 863 2353 multis,
884 2275 944 2356 qui
963 2276 1013 2338 eis
1038 2274 1099 2339 ad·

149 2372 344 2453 baerebant3
368 2393 456 2456 quos
476 2393 594 2437 omnes
612 2393 675 2437 rex
697 2373 826 2456 absque
843 2373 975 2457 judicio
993 2375 1098 2438 curiae

151 2491 224 2537 saar
247 2481 282 2537 et
298 2473 432 2555 parium
452 2491 592 2536 suorum
612 2472 732 2536 exules
752 2481 787 2536 et
808 2473 1019 2554 proscriptos
1040 2473 1099 2536 de-

152 2570 305 2635 nuntiari
326 2571 418 2646 fecit,
439 2578 550 2634 terras
571 2582 688 2633 eorum
707 2569 971 2634 Pictavensibus
993 2571 1099 2648 dedit,

150 2669 384 2751 praecepitque
408 2675 447 2731 ut
471 2687 589 2732 eornm
611 2687 757 2750 corpora
780 2674 996 2749 caperentur,
1023 2670 1099 2732 ubi·

151 2785 299 2848 cumque
315 2765 552 2831 invenirentur
567 2767 603 2829 in
620 2785 739 2846 regno.

185 2935 274 3017 Quod
292 2935 510 3000 Wintonionsis
525 2937 682 3020 episcopus
694 2935 840 3019 thsdam
854 2934 1072 3019 consoederutos

384 3034 502 3098 cundia
515 3034 701 3098 Marassalli
717 3034 867 3119 corrupit.

196 3155 298 3220 Tunc
312 3156 450 3234 Petrus,
459 3156 713 3220 wintoniensis
729 3157 924 3238 episcopus,
940 3155 1000 3237 qui
1013 3155 1101 3219 vires
1114 3180 1252 3220 unauna

154 3253 290 3319 comitis
306 3254 505 3320 Marescalli
522 3263 556 3320 et
567 3255 878 3320 confoederatorum
895 3274 1034 3319 suorum
1051 3254 1102 3318 in·
1114 3233 1202 3320 {iiiiii
1210 3230 1253 3318 32⁶

154 3351 290 3416 firmare
314 3353 426 3416 modis
449 3354 607 3417 omnibus
631 3355 832 3430 conabatur,
855 3355 997 3418 comites
1021 3352 1102 3416 Ces·
1114 3330 1215 3420 {illl-⁰1.

156 3449 232 3513 trite
256 3459 292 3514 et
317 3450 517 3527 Lincolniae,
540 3451 632 3516 datis
658 3453 752 3515 mille
778 3454 914 3528 marcis,
937 3453 1102 3533 eorrupit,

155 3554 208 3625 ut,
233 3548 353 3613 relicto
382 3549 590 3613 Marescallo
613 3557 648 3613 et
669 3568 775 3614 causa
793 3550 955 3632 justitiae,
980 3549 1025 3611 ad
1049 3569 1103 3611 re·

153 3665 232 3726 gem
255 3665 314 3710 eos
339 3655 431 3711 retro
455 3648 677 3730 respicientes
691 3654 911 3727 retorqueret
927 3654 962 3710 et
983 3653 1101 3728 partes

156 3743 231 3826 eJus
249 3743 428 3824 foverent;
457 3765 538 3809 nam
561 3745 768 3821 Richardus,
788 3745 895 3809 frater
917 3744 1021 3824 regis,
1042 3742 1101 3806 diu

155 3849 236 3906 ante
266 3842 309 3905 ad
340 3862 456 3924 regem
491 3863 649 3907 reversus
681 3851 768 3921 erat,
799 3843 860 3924 qui
894 3840 1102 3904 Maroseallo

155 3940 250 4021 prius
279 3941 489 4006 adhaerebat.
552 3940 640 4005 Haec
665 3960 743 4003 cum
769 3939 997 4003 Marescallus
1023 3958 1104 4019 cog-

156 4039 324 4113 novisset,
342 4040 599 4104 confoederatns
610 4039 829 4114 estLoeliuo,
847 4037 993 4119 principi
1011 4035 1103 4100 Nor·

156 4136 294 4214 walliae,
311 4144 347 4200 et
370 4138 447 4202 aliis
475 4139 675 4224 potentibus
700 4137 850 4220 regionis
871 4136 977 4213 illiue,
999 4136 1104 4199 inter-
