2978 4996
367 436 506 484 rnonns
528 435 799 486 nrsronrnnuu.
993 422 1060 486 213

107 602 144 658 et
159 589 315 675 pomeria
336 592 564 669 succidentes,
587 601 688 656 extra
709 592 872 657 ecclesias
898 594 983 658 nihil
1005 596 1192 658 in·A·1³·¹²³⁰·

108 699 239 756 tactum
254 691 478 774 reliquerunt.
513 692 677 774 Agebant
689 699 805 755 autem
817 701 937 755 contra
952 697 1057 757 comi·

109 799 178 854 tem
208 797 389 871 magnates
420 791 520 872 quasi
551 792 593 854 de
622 790 763 854 crimine
791 791 994 872 proditionis
1023 802 1058 857 et

109 909 205 954 reum
233 890 329 953 laesoe
360 890 565 973 maJestatis,
594 896 633 952 nt
661 890 720 970 qui
750 889 923 953 dominum
957 911 1056 955 sunm

109 1008 226 1069 regern
257 988 479 1053 lodowicum
514 989 551 1050 in
587 988 765 1051 obsidione
797 986 981 1052 Avinionis
1013 992 1057 1054 ob

109 1105 261 1151 amorem
286 1089 427 1169 reginae,
455 1106 558 1169 quarn
583 1088 734 1163 amabat,
758 1107 892 1152 veneno
913 1108 1057 1154 necave-

111 1193 178 1263 rat,
200 1194 240 1250 ut
256 1186 439 1263 dicebant3
462 1187 565 1262 unde,
587 1206 665 1249 cum
688 1185 790 1248 iidem
815 1197 997 1268 magnates
1021 1189 1057 1251 in

109 1285 207 1348 curia
237 1285 329 1366 regis
363 1285 587 1360 Francorum,
618 1284 735 1348 eodem
766 1303 847 1366 rege
875 1295 1057 1367 praesente,

110 1384 359 1465 querimoniam
396 1402 489 1465 saepo
516 1383 758 1464 deposuissent
791 1391 826 1446 et
855 1385 964 1466 ipsum
999 1406 1056 1449 co·

111 1483 229 1547 mitem
245 1502 306 1564 per
322 1482 474 1545 duellum
492 1482 695 1545 convincere
709 1482 912 1560 voluissent,
926 1485 1058 1565 regina,

112 1600 175 1662 per
201 1599 306 1663 qnam
340 1582 456 1644 omnia
490 1581 587 1661 regni
620 1581 761 1661 negotia
788 1581 1059 1663 disponebantur

110 1686 251 1764 propter
269 1680 362 1760 regis
387 1678 644 1761 simplicitatem
664 1687 700 1742 et
717 1680 883 1760 puerilem
906 1690 1057 1760 aetatem,

112 1778 224 1842 noluit
239 1797 299 1843 eos
319 1778 450 1842 andire.
496 1777 669 1854 Quocirca
682 1778 760 1858 ipsi,
776 1796 813 1839 se
831 1797 852 1840 a
868 1781 959 1859 regis
974 1781 1058 1844 fide-

111 1876 211 1942 litate
240 1878 481 1942 subtrahentes
513 1884 548 1939 et
571 1876 713 1957 reginae,
740 1875 951 1940 Francorum
980 1899 1058 1960 reg·

111 1995 192 2039 num
218 1996 281 2058 per
310 1995 471 2058 guerram
496 1976 636 2039 turbare
664 1982 868 2056 coepernnt3
898 1976 1058 2056 indigna·

111 2075 239 2139 bantur
261 2074 350 2138 enim
369 2075 472 2138 talem
496 2063 622 2138 babere
639 2073 824 2148 dominam,
840 2093 931 2154 quae,
951 2082 990 2137 nt
1007 2075 1058 2138 di-

111 2175 266 2250 cebatur,
285 2181 357 2238 tam
380 2173 463 2237 dicti
486 2173 621 2236 comitis
644 2191 747 2254 quarn
775 2172 881 2252 legati
909 2173 1059 2237 Romani

110 2274 239 2337 semine
269 2271 404 2354 polluta
435 2278 545 2334 metas
574 2279 792 2353 transgressa
822 2271 934 2336 suerat
960 2273 1059 2353 pudi-

110 2373 201 2437 citiae
217 2371 376 2436 vidualis.

110 2545 160 2610 Do
178 2553 280 2631 strupo
299 2543 568 2623 Hiberaierrsr'um,
582 2555 610 2611 et
624 2547 763 2632 ceptione
784 2547 947 2630 cujusdam
969 2549 1057 2632 repis.

163 2670 294 2735 Eodem
310 2690 413 2747 anno,
431 2689 548 2733 mense
563 2669 586 2732 J
589 2669 673 2746 ulio,
690 2662 846 2750 ¹regnlus
860 2669 1000 2750 quidam
1016 2670 1058 2732 de
1070 2687 1221 2776 palma·

111 2767 286 2845 Gonnoth‚
306 2768 559 2844 HibemiensiS,
577 2787 655 2832 cunr
675 2786 790 2848 regern
806 2765 999 2847 Anglorum
1023 2776 1058 2831 et
1188 2762 1193 2773 ’

109 2867 324 2932 Willelmnm
351 2867 595 2932 Marescallum
625 2865 845 2947 cognovisset
871 2866 906 2927 in
933 2865 1057 2927 finibus

111 2967 351 3031 transmarinis
377 2967 519 3031 bellicas
548 2983 652 3047 agere
679 2963 930 3046 expeditiones
953 2970 1058 3045 atque

109 3085 255 3147 regnum
278 3065 457 3129 Hiberniae
482 3066 583 3146 qnasi
606 3082 752 3127 vacuum
776 3082 798 3125 a
820 3062 973 3126 subsidio
994 3064 1057 3125 mi·

108 3163 215 3241 litari,
238 3165 463 3245 congregavit
477 3163 629 3245 undique
652 3161 843 3226 exercitum
866 3162 1057 3244 copiosum,

108 3282 254 3345 sperans
275 3282 312 3325 se
335 3282 437 3344 posse
462 3280 563 3326 omne
585 3280 695 3344 genus
712 3261 908 3343 Anglorum
928 3263 972 3324 ab
991 3261 1059 3324 Hi-

110 3362 239 3426 berniae
262 3361 388 3424 finibus
409 3362 620 3439 exturbare3
651 3362 828 3441 ingressus
850 3360 957 3441 igitur
980 3360 1059 3423 hos·

110 3461 218 3524 tiliter
236 3468 364 3524 terram
385 3459 478 3541 regis
501 3457 709 3540 Anglorum,
732 3459 851 3541 spoliis
874 3467 909 3522 ct
927 3459 1058 3540 rapinis

110 3566 215 3641 atquc
233 3558 401 3622 incendiis
423 3558 631 3622 intendebat.
668 3558 735 3620 Sed
757 3577 832 3619 cum
855 3557 928 3619 haec
944 3559 1059 3620 omnia

111 3657 155 3720 ad
183 3677 283 3720 aures
310 3656 470 3721 Gansridi
496 3657 539 3720 de
568 3657 735 3731 Marisco,
758 3655 818 3737 qui
843 3655 935 3717 vices
954 3653 1060 3736 justi-

108 3757 205 3820 ciarii
229 3758 293 3820 sub
318 3776 399 3838 rege
424 3755 637 3838 inpartibus
660 3753 729 3817 illis
753 3754 909 3835 gerebat,
928 3753 1059 3834 [venis-

109 3856 216 3936 sent,]
240 3856 414 3939 adjunctis
435 3856 501 3918 sibi
519 3854 678 3919 Waltero
703 3852 746 3915 de
774 3851 877 3914 Lasci
897 3870 973 3914 cum
997 3850 1061 3914 Ri-

87 4112 93 4122 ‚
146 4059 275 4124 'Regulus
291 4056 419 4128 quidum]
446 4061 570 4124 Compare
596 4056 983 4121 Script.ed.0'Conor,tcm.ii.
995 4064 1060 4119 part.

107 4132 149 4181 the
177 4135 286 4182 nccount
316 4146 345 4180 as
373 4133 447 4193 given
475 4133 501 4178 in
527 4131 569 4179 the
595 4131 629 4180 iv.
642 4146 669 4193 p.
682 4134 722 4180 ³9.

107 4201 202 4252 nunu.
227 4201 355 4250 Bnellian.
379 4201 438 4251 lter.
463 4200 570 4251 Hibern.
