2978 4996
254 630 307 669 Μ),
320 630 376 667 1223.

254 680 351 718 Miruelrr
360 683 382 717 at

254 729 383 769 llrembulm.

414 436 458 499 90
664 451 797 499 nucum
822 450 869 496 nr
893 447 1102 496 wuunuvua

415 628 477 691 per
500 615 580 670 ante
602 607 699 670 illum
723 626 744 669 a
766 605 963 689 patriarcba
986 614 1021 669 et
1044 604 1215 688 episeopis
1240 605 1366 669 deferri

416 713 681 783 consueverant,
703 707 975 789 quotiescunque
1000 704 1182 768 adversum
1208 704 1367 768 inimicos

415 808 527 870 crucis
551 806 707 888 praelium
734 806 978 868 commissurus
1005 804 1170 886 perrexit,
1197 803 1263 868 hae
1289 805 1365 867 vice

414 914 554 987 portare
585 904 751 987 neglexit,
780 904 872 988 qnod
900 903 1019 967 eodem
1050 903 1106 967 die
1128 904 1366 985 experimento

415 1005 604 1069 miserrimo
631 1004 854 1085 recognovit3
890 1022 984 1078 nam,
1013 1002 1096 1065 dum
1127 1009 1255 1066 temere
1287 1021 1364 1065 cum

415 1105 569 1167 exercitu
598 1103 745 1180 modico,
772 1122 842 1167 non
870 1101 989 1166 habito
1016 1109 1176 1183 respectu
1203 1101 1247 1164 ad
1275 1100 1364 1163 mul·

415 1202 597 1266 titudinem
635 1203 872 1277 barbarorum,
912 1201 972 1281 qui
1009 1201 1046 1262 in
1086 1200 1231 1283 decuplo
1264 1218 1364 1263 exer·

415 1301 500 1364 citui
517 1321 580 1364 suo
598 1300 936 1384 superabundabant,
953 1300 990 1362 in
1008 1299 1125 1363 hostes
1143 1298 1311 1381 prorupit,
1330 1300 1365 1361 in

416 1408 587 1463 momento
618 1408 689 1463 tam
717 1400 791 1481 ipse
819 1400 1007 1481 imperatur
1033 1417 1136 1479 quam
1165 1404 1259 1461 totus
1287 1397 1363 1480 ejus

416 1498 590 1561 exercitus
613 1500 656 1561 ab
672 1498 820 1562 inimicis
836 1497 1003 1561 crucifixi
1020 1497 1271 1561 circumvallati
1292 1515 1365 1559 om·

415 1616 476 1660 nes
502 1605 563 1660 aut
589 1597 760 1661 interlecti
782 1605 864 1660 sunt
891 1597 1009 1660 autin
1034 1596 1273 1678 captivitatem
1297 1595 1359 1658 ad·

415 1696 530 1773 dueti;
560 1697 661 1778 pauci
683 1715 821 1778 quoque
843 1714 887 1759 ex
910 1695 1146 1777 omnibusqui
1165 1694 1362 1776 perfugam

415 1794 524 1877 elapsi
554 1804 646 1872 sunt,
678 1796 721 1859 de
748 1795 956 1877 imperatore
986 1793 1068 1876 quid
1097 1801 1212 1857 actum
1237 1794 1363 1858 situel

415 1914 483 1974 quo
507 1895 695 1971 devenerit,
717 1895 854 1977 penitus
871 1894 1091 1975 ignorabant.
1143 1893 1229 1956 Erat
1245 1901 1361 1957 autem

415 2013 457 2056 ea
488 2001 692 2075 tempestate
724 1993 923 2075 capellanus
955 1992 1096 2075 quidam
1128 1992 1268 2055 natione
1289 1989 1365 2055 An-

415 2093 537 2173 glicuS,
556 2093 615 2174 qni
637 2095 672 2155 in
692 2093 827 2174 capella
848 2091 1065 2174 imperatoris
1083 2110 1161 2154 cum
1177 2091 1249 2155 suis
1264 2090 1363 2154 cleri-

415 2192 464 2253 cis
487 2191 604 2254 divina
626 2190 814 2254 celebravit
836 2190 1012 2273 mysteria,
1036 2191 1095 2271 qui
1119 2209 1210 2253 unus
1233 2189 1299 2253 suit
1316 2209 1361 2253 ex

415 2288 616 2352 custodibus
650 2289 871 2371 reliquiarum
899 2297 934 2352 et
963 2289 1168 2353 annulorum
1200 2288 1363 2352 aliarum-

415 2405 482 2467 que
510 2406 622 2449 rerum
648 2387 731 2450 dicti
758 2386 986 2470 imperatoris.
1040 2387 1111 2451 Hic
1141 2388 1259 2470 itaque
1285 2407 1362 2451 cum

415 2504 533 2548 casum
551 2487 772 2566 cognovisset
786 2486 829 2550 de
849 2494 971 2562 morte,
995 2493 1034 2549 ut
1054 2506 1172 2549 omnes
1197 2486 1364 2567 praediea-

415 2585 510 2659 bant
533 2585 662 2648 domini
685 2587 738 2648 sui
764 2585 995 2667 imperatoris,
1019 2586 1063 2648 ab
1086 2587 1172 2649 urbe
1189 2584 1362 2649 Constan-

416 2683 646 2766 tinopolitano
675 2704 754 2748 eum
784 2684 885 2748 dictis
916 2685 1070 2766 reliquiis
1101 2692 1136 2748 et
1161 2683 1300 2747 annulis
1329 2693 1365 2748 et

414 2784 517 2846 rebus
531 2784 609 2847 aliis
624 2783 754 2860 multis,
769 2803 848 2847 cnm
870 2784 1042 2866 lapidibus
1065 2784 1236 2866 pretiosis,
1253 2783 1364 2847 laten-

415 2888 468 2944 ter
493 2882 654 2946 recedens
679 2882 722 2946 ad
748 2880 912 2962 Angliam
938 2901 1048 2965 usque
1072 2882 1242 2964 pervenit,
1266 2883 1362 2946 veni·

414 2999 544 3061 eusque
559 2980 604 3043 ad
620 2987 780 3043 sanctum
794 2980 969 3044 Albanum
993 2981 1129 3044 cuidam
1149 2980 1276 3043 ibidem
1292 3000 1362 3045 mo-

415 3079 525 3141 nacho
543 3079 714 3160 quandam
732 3098 866 3142 crucem
884 3087 1084 3160 argenteam
1099 3088 1134 3143 et
1149 3079 1364 3157 deauratam,

414 3195 492 3237 cum
501 3176 636 3240 duobus
646 3177 764 3258 digitis
776 3176 818 3241 de
831 3184 953 3242 sancta
966 3178 1169 3260 Margareta
1177 3186 1213 3242 et
1224 3179 1363 3242 annulis

414 3275 528 3337 aureis
551 3275 792 3358 lapidibusque
813 3278 986 3358 pretiosis,
1001 3277 1167 3352 vendidit,
1192 3296 1269 3360 quae
1292 3297 1363 3341 om·

414 3374 473 3434 uia
488 3375 633 3437 nuncin
657 3377 866 3440 monasterio
891 3377 1003 3440 sancti
1020 3373 1149 3439 Albani
1172 3377 1208 3439 in
1235 3394 1363 3458 magna

413 3473 635 3537 veneratione
656 3473 848 3550 habentur}
878 3473 1001 3538 deinde
1023 3475 1136 3539 dietus
1150 3474 1363 3557 capellanus

412 3569 455 3633 de
471 3573 622 3636 mantica
638 3593 703 3636 sua
718 3573 892 3655 quandam
915 3593 1051 3637 erucem
1072 3574 1222 3655 ligneam
1246 3581 1364 3638 extra·

413 3669 497 3733 bens
521 3671 673 3736 ostendit
690 3691 766 3736 eam
788 3671 994 3754 quibusdam
1016 3672 1205 3749 monachis,
1227 3672 1270 3735 de
1293 3692 1363 3754 qua

413 3770 516 3833 etiam
535 3769 719 3834 affirmavit
732 3790 810 3835 cum
830 3770 1028 3853 juramento
1050 3771 1141 3852 quod
1167 3772 1364 3835 indubitan-

412 3876 465 3930 ter
482 3877 557 3932 erat
576 3889 621 3933 ex
638 3869 735 3951 ligno
758 3870 831 3947 illo,
848 3869 885 3933 in
901 3856 969 3952 quo
987 3871 1150 3934 Salvator
1166 3869 1285 3933 mundi
1301 3889 1364 3953 pru

412 3968 645 4048 redemptione
669 3970 804 4049 generis
827 3969 969 4032 humani
991 3969 1166 4051 pependit,
1189 3968 1262 4045 sed,
1280 3969 1364 4051 quia

412 4084 480 4126 non
504 4067 708 4130 credebatur
730 4069 831 4131 dictis
852 4068 928 4151 ejus
951 4068 1089 4145 ibidem,
1112 4068 1255 4132 recessit
1270 4068 1363 4144 iude,

412 4161 610 4227 thesaurum
641 4167 916 4247 impretiabilem,
945 4167 1026 4231 licet
1048 4167 1219 4251 ignotum,
1246 4186 1363 4232 secum
