2978 4996
426 414 491 481 116
674 431 808 480 socrat
834 432 879 479 ns
903 430 1109 481 wnunovna

265 605 387 646 err-1²²&
425 597 462 654 et
491 589 551 655 alii
580 589 803 654 ecclesiarum
839 590 988 675 praelati,
1019 597 1102 654 suut
1134 591 1307 667 absentes,
1339 593 1375 655 iu

426 710 542 754 eorum
570 690 728 754 absentia
749 690 847 753 vobis
869 690 1075 771 respondere
1100 709 1167 754 non
1190 709 1375 771 possumus

426 810 489 853 nec
511 791 696 867 debemus;
721 790 816 872 quia,
836 790 866 852 si
888 789 922 853 id
945 789 1058 852 facere
1077 808 1376 871 praesumeremus,

426 891 462 954 iu
490 889 728 972 praejudicium
757 889 909 953 omnium
939 888 1134 952 absentium
1160 887 1258 952 fieret
1284 909 1375 971 prae·

426 989 600 1053 latorum.'
670 988 729 1065 Et,
751 988 818 1052 hiis
840 987 953 1064 dictis,
977 987 1071 1051 veuit
1093 986 1116 1050 J
1120 987 1273 1051 ohannes
1298 987 1377 1051 Ma-

428 1088 617 1153 reschallus
646 1088 765 1152 etalii
794 1088 906 1151 nuntii
935 1086 1035 1167 regis,
1063 1085 1106 1149 ad
1136 1106 1255 1150 omnes
1286 1106 1377 1169 prae·

428 1187 531 1265 lutee,
554 1188 614 1271 qui
642 1187 685 1250 de
715 1206 795 1268 rege
821 1185 983 1250 baronias
1001 1185 1167 1249 tenebant
1187 1185 1223 1249 in
1251 1186 1377 1268 capite,

428 1286 605 1362 destinati,
624 1285 779 1350 districte
799 1284 1005 1361 inhibentes,
1025 1304 1068 1347 ne
1089 1283 1217 1349 laicum
1239 1283 1377 1348 feodum

429 1404 530 1448 suum
555 1384 724 1448 Romanae
748 1383 902 1448 ecclesiae
926 1383 1132 1465 obligarent,
1154 1383 1245 1447 unde
1264 1402 1286 1447 a
1307 1402 1377 1447 ser·

429 1483 515 1549 vitio
541 1483 607 1546 sibi
631 1482 747 1547 debito
774 1484 981 1564 privaretur.
1034 1482 1124 1548 Hoec
1155 1489 1271 1547 autem
1299 1501 1377 1547 cum

430 1582 597 1662 magister
620 1580 714 1647 Otho
732 1581 972 1658 intellexisset,
991 1582 1116 1647 statuit
1139 1581 1192 1646 his
1215 1582 1275 1664 qui
1297 1582 1379 1646 ade·

430 1687 510 1744 rant
527 1680 617 1743 diem
637 1681 685 1744 ibi
704 1681 740 1745 iu
759 1680 872 1745 media
892 1679 1179 1762 Quadragesima,
1201 1681 1285 1745 dum
1304 1681 1379 1764 ipse

430 1787 632 1861 procuraret
653 1781 746 1862 regis
771 1779 956 1845 adventum
980 1787 1016 1844 et
1036 1780 1230 1844 absentium
1254 1781 1380 1862 praela·

433 1886 559 1954 torum,
590 1888 630 1943 ut
658 1889 741 1945 tunc
774 1880 950 1960 negotium
983 1879 1165 1944 sortiretur
1192 1877 1377 1959 ellectum

432 1977 491 2043 sed
521 1977 573 2042 illi
602 1980 734 2063 absque
763 1979 856 2059 regis
884 1984 921 2041 et
947 1978 1104 2054 aliorum,
1129 1978 1190 2061 qui
1218 1978 1379 2043 absentes

431 2085 542 2154 eraut,
565 2096 708 2141 assensu
730 2077 913 2160 praefixum
938 2076 1028 2140 diem
1054 2075 1234 2141 admittere
1260 2077 1379 2141 nolue-

431 2183 524 2253 runt,
540 2175 630 2240 unde
647 2177 775 2259 singuli
791 2176 834 2239 ad
850 2175 991 2260 propria
1005 2182 1085 2240 sunt
1099 2176 1241 2241 reversi.

452 2348 501 2411 Do
516 2355 610 2412 morto
625 2347 783 2414 laudabili
800 2347 958 2424 Willolmr',
974 2348 1092 2429 mmitts
1109 2346 1357 2414 Soreebirimsis.

269 2485 339 2525 nuth
352 2484 419 2524 ottho
483 2473 563 2537 Rex
587 2473 780 2555 Auglorum
806 2475 951 2550 interea,
974 2492 1051 2536 cum
1075 2459 1166 2555 apud
1191 2471 1379 2539 Merlcber-

269 2535 384 2634 ffilllv·
431 2572 524 2653 giam
542 2574 586 2636 ab
602 2574 802 2638 infirmitate
824 2591 889 2637 sua
904 2573 1005 2655 plene
1021 2571 1268 2648 convaluisset,
1285 2570 1379 2638 venit

431 2672 475 2735 ad
499 2692 577 2736 eum
600 2673 647 2736 ibi
664 2672 872 2749 Willelmus,
891 2691 1006 2737 comes
1023 2671 1298 2747 saresbiriensis,
1321 2670 1380 2752 qui

431 2780 510 2854 post
532 2772 638 2854 longa
668 2774 772 2843 maris
800 2771 954 2854 pericula
976 2779 1082 2835 antea
1105 2770 1141 2832 iu
1163 2770 1284 2835 diebus
1307 2769 1381 2835 Na·

433 2873 553 2938 talitiis
567 2874 602 2936 in
622 2870 799 2936 Cornubia
820 2890 898 2934 cum
920 2868 1122 2937 difficultate
1141 2869 1377 2952 applicuerat;

432 2973 504 3054 qui,
527 2991 604 3035 cum
626 2971 748 3035 suisset
765 2990 787 3034 a
808 2989 890 3050 rege
910 2969 947 3032 iu
970 2988 1098 3049 magua
1118 2976 1300 3051 susceptus
1323 2968 1380 3032 lar·

432 3071 522 3145 titia,
545 3069 587 3131 de
608 3068 804 3150 justiciario
830 3087 946 3133 coram
969 3067 1108 3132 domiuo
1129 3087 1212 3150 rege
1236 3085 1380 3150 gravem

432 3167 591 3249 deposuit
611 3167 798 3249 querelam,
818 3168 922 3251 quod,
944 3167 1023 3233 dum
1049 3168 1085 3231 in
1108 3167 1249 3232 remotis
1271 3167 1380 3248 parti-

432 3267 497 3330 bus
523 3273 614 3329 esset
638 3265 674 3331 in
700 3268 842 3331 servitio
870 3287 946 3343 suo,
967 3268 1042 3349 ipse
1067 3266 1209 3330 miserat
1233 3266 1388 3347 degens.

433 3384 502 3428 rem
526 3363 637 3428 virum
660 3365 844 3448 quendam,
867 3365 926 3447 qui
949 3385 990 3429 eo
1011 3366 1151 3432 vivente
1171 3385 1250 3429 cum
1271 3384 1390 3429 uxore·

433 3483 497 3529 sua
521 3464 682 3528 fornicari
704 3465 875 3547 disposuit
894 3474 930 3529 et
949 3465 1180 3531 adulterinum
1202 3483 1281 3527 cum
1304 3465 1382 3546 ipsa

432 3564 686 3628 matrimonium
714 3564 918 3629 contrahere
944 3564 1136 3642 violenter3
1174 3562 1307 3630 addidit
1328 3564 1380 3626 iu-

433 3683 550 3745 super,
572 3663 677 3744 quod,
701 3664 767 3727 nisi
793 3683 854 3727 rex
875 3663 1011 3744 plenam
1036 3663 1102 3726 sibi
1125 3661 1168 3726 de
1183 3662 1382 3746 justiciario

434 3762 562 3826 laceret
582 3761 755 3844 justitiam
781 3761 949 3837 exhiberi,
978 3762 1123 3844 ipsemet
1146 3769 1318 3845 quaereret
1339 3761 1382 3825 de

435 3868 533 3925 tanto
558 3880 704 3924 excessu
728 3861 915 3925 vindictam
946 3861 982 3923 iu
1014 3860 1254 3941 gravissimam
1283 3861 1383 3943 regui

433 3960 738 4041 perturbationem.
790 3960 890 4024 Tunc
903 3959 1133 4042 justiciarius,
1150 3960 1209 4042 qui
1227 3979 1382 4041 praesens

432 4066 519 4130 erat,
548 4057 725 4139 proprium
754 4059 930 4125 coufessus
963 4067 1094 4124 reatum
1119 4059 1155 4122 in
1181 4060 1279 4145 equis
1305 4079 1390 4141 pre-.

432 4156 529 4218 tiosis
562 4162 597 4219 ct
622 4156 796 4223 donativis
824 4158 1023 4239 ingentibus
1052 4158 1201 4240 gratiam
1227 4159 1297 4225 sibi
1326 4178 1393 4227 coe.
