2978 4996
487 451 626 501 neonus
649 451 918 500 nisronmnuu.
1111 439 1178 505 229

223 607 365 672 collatio
391 609 633 673 beneficiorum
661 611 831 693 pertinere
857 610 1059 690 dinoscitur,
1081 616 1174 697 quod
1187 627 1309 667 A·1>-¹²³1·

224 708 337 788 magis
356 708 498 789 dignnm
517 716 569 773 est
585 729 649 792 pro
664 709 864 773 confusione
887 713 1012 788 notari,
1030 732 1174 795 suspen·

224 806 332 870 sionis
353 809 543 872 sententias
563 808 788 887 fulminando,
810 829 854 872 ne
876 811 979 873 alicui
1002 812 1044 875 de
1067 832 1174 893 regno

222 905 390 970 beneficia
404 907 601 985 conseratis,
620 907 729 971 donec
742 909 894 990 quinque
912 907 1093 987 Romanis,
1111 932 1173 977 nec

223 1003 305 1068 dum
323 1007 462 1088 proprio
478 1007 615 1071 nomine
634 1007 831 1082 nominatis,
848 1008 953 1071 immo
970 1017 1052 1074 nato
1063 1010 1173 1075 Rum-

223 1102 323 1181 lredi,
346 1114 381 1169 et
403 1112 487 1170 nato
512 1107 591 1170 talis
617 1114 651 1169 et
669 1106 762 1183 talis,
784 1107 819 1168 in
846 1107 993 1187 singulis
1020 1111 1173 1174 ecclesiis

222 1204 349 1266 vestris
371 1224 433 1286 per
455 1211 564 1269 totam
580 1204 744 1287 Angliam
767 1205 813 1269 sit
829 1207 1018 1287 provisum,
1041 1210 1173 1273 unicui·

223 1321 291 1384 qne
323 1323 441 1367 eorum
469 1305 505 1367 in
535 1304 670 1369 redditu
703 1312 841 1367 centnm
872 1305 1064 1386 librarum3
1101 1309 1171 1372 alia

223 1401 327 1465 etiam
360 1404 564 1485 gravamina
598 1402 853 1486 quamplurima
888 1412 958 1467 tam
1001 1405 1099 1470 laicis
1136 1417 1171 1473 et

223 1502 443 1582 magnatibus
467 1504 565 1584 regni
593 1522 696 1584 super
724 1502 1008 1567 advocationibus
1035 1507 1108 1569 suis
1135 1515 1171 1571 et

222 1618 341 1663 eornm
363 1602 589 1686 eleemosynis
612 1604 656 1665 ab
679 1602 729 1665 eis
746 1609 781 1665 et
799 1605 1073 1668 antecessoribus
1097 1607 1170 1669 suis

222 1697 314 1762 datis
339 1700 376 1763 in
401 1721 592 1783 pauperum
620 1701 718 1783 regni
743 1703 1042 1780 sustentationem,
1064 1724 1169 1786 quam

221 1796 354 1862 clericis
371 1807 408 1864 et
428 1801 507 1864 aliis
523 1803 606 1865 viris
630 1800 799 1882 religiosis
821 1802 918 1880 regni
940 1821 1044 1883 super
1066 1805 1169 1868 rebus

220 1904 257 1960 et
266 1898 453 1977 beneficiis,
467 1900 656 1964 inserendo.
722 1898 798 1963 Nec
815 1900 1002 1980 praemissis
1015 1905 1168 1967 contenti

220 1995 263 2059 ad
286 1996 444 2061 ultimum
465 2020 487 2063 a
508 1999 642 2064 clericis
666 1999 763 2080 regni
786 1998 963 2074 beneficia,
985 2017 1062 2080 quae
1078 2001 1167 2064 obti-

220 2103 315 2174 nent,
339 2105 378 2161 ut
405 2116 448 2162 ea
478 2098 647 2163 Romanis
673 2097 864 2174 conserant,
887 2117 955 2160 non
979 2099 1167 2163 secundum

219 2195 312 2277 quod
326 2196 437 2273 decet,
454 2198 513 2260 sed
532 2200 623 2262 sicut
640 2199 690 2260 eis
707 2198 833 2280 placet,
851 2196 985 2259 auferre
999 2197 1167 2275 volentos,

218 2293 253 2357 in
286 2294 336 2359 eis
369 2296 465 2360 illam
497 2297 682 2361 intendunt
712 2296 928 2378 prophetiam
967 2296 1167 2379 adimplere,

216 2392 485 2476 ‘spoliaverunt
512 2397 711 2479 AEgyptios,
738 2403 778 2459 ut
805 2395 954 2459 ditarent
984 2395 1167 2474 Hebraeos,

216 2493 479 2575 multiplicando
504 2503 642 2577 gentem
670 2514 781 2571 suam,
815 2514 883 2557 non
912 2496 1166 2575 magnificando

216 2590 409 2670 laetitiam3’
437 2595 487 2657 sic
509 2593 661 2659 dolorem
681 2594 791 2658 dolori
808 2593 907 2656 nobis
930 2600 965 2656 et
980 2595 1079 2656 vobis
1092 2616 1166 2658 om·

216 2692 320 2756 nibus
357 2692 619 2770 accumulando,
654 2700 695 2756 ut
723 2692 845 2756 melius
873 2692 973 2754 nobis
1007 2692 1166 2757 videatur

215 2792 315 2868 mori,
330 2811 434 2874 quam
450 2792 566 2855 vivere
583 2793 633 2856 sio
648 2791 816 2874 oppressi.
848 2790 949 2853 Unde
963 2789 1044 2854 licet
1057 2809 1164 2871 grave

215 2891 262 2954 sit
273 2889 373 2954 nobis
392 2898 513 2955 contra
527 2891 703 2954 stimulum
721 2890 913 2965 calcitrare,
933 2896 1060 2966 tamen,
1081 2891 1164 2971 quia

215 2990 275 3071 qui
292 2990 393 3052 nimis
416 2991 583 3069 emungit,
606 2990 700 3054 elicit
717 2989 934 3070 sanguinem,
954 3007 1018 3051 nos
1035 2990 1164 3052 severi-

215 3095 322 3153 tatem
340 3108 458 3152 eorum
476 3090 801 3166 animadvertentes,
824 3088 884 3170 qui
904 3089 948 3152 ab
967 3087 1066 3151 initio
1086 3095 1163 3152 tan-

213 3191 318 3269 qu'am
343 3189 486 3252 advenae
512 3181 678 3252 ¹Romam
702 3196 784 3252 sunt
805 3188 963 3268 ingressi,
986 3207 1077 3252 nunc
1100 3207 1162 3251 au·

214 3294 281 3351 tem
298 3307 362 3351 nos
380 3307 449 3351 non
466 3295 602 3351 tantum
618 3288 790 3371 judicare,
806 3287 865 3350 sed
883 3288 987 3350 etiam
1003 3287 1163 3352 condem-

213 3405 309 3463 nare,
341 3386 538 3465 intendunt,
569 3387 754 3468 alligantes
788 3406 893 3451 onera
917 3387 1161 3468 importabilia,

212 3505 290 3568 quae
307 3487 423 3550 necin
444 3506 483 3549 so
505 3505 568 3550 nec
591 3488 626 3550 in
646 3506 728 3551 suos
751 3486 860 3567 digito
876 3504 1014 3548 movere
1027 3486 1161 3561 volunt,

213 3585 255 3648 de
274 3586 446 3649 communi
464 3585 609 3649 consilio
629 3586 741 3666 magis
758 3585 936 3665 elegimus,
949 3583 1031 3646 licet
1051 3583 1160 3660 tarde,

212 3684 384 3761 resistere,
413 3704 516 3766 quam
543 3704 661 3747 eorum
690 3683 970 3767 oppressionibus
996 3681 1160 3743 intolera-

211 3783 338 3846 bilibus
358 3783 508 3866 amplius
531 3784 711 3866 subjacere
733 3802 794 3847 seu
813 3780 936 3863 majori
952 3778 1075 3861 subjici
1090 3798 1162 3841 ser·

211 3882 325 3946 vituti.
366 3881 461 3946 Hinc
479 3883 639 3966 estquod
656 3884 754 3946 vobis
775 3878 990 3955 mandamus,
1005 3877 1161 3941 districte

210 3981 416 4059 inhibentes,
442 3989 626 4064 quatenus,
643 4000 720 4046 cum
744 3998 807 4043 nos
829 3978 1022 4052 ecclesiam,
1045 3995 1161 4057 regem

281 4187 288 4218 ¹
299 4184 422 4258 sm]
439 4190 575 4241 corrected
586 4191 620 4252 by
632 4188 796 4239 asomewhat
807 4187 870 4238 later
881 4188 949 4236 hand
960 4181 1099 4238 ‘Romani’
