2978 4996
418 445 557 493 rnonss
584 446 855 498 nrsronrnann.
1042 435 1105 500 231

157 608 213 663 tra
226 608 308 663 sunt
320 600 476 663 inccndio
488 601 725 685 subJacebuut
739 610 774 665 et
786 602 1006 667 nihilominus
1018 607 1106 687 peri·
1121 622 1175 660 ΔΛ).
1188 624 1242 662 ¹²³1·

155 698 283 775 culum,
302 701 393 781 quod
412 700 582 764 Romanis
602 702 757 764 imminet
777 703 812 764 in
824 704 992 783 personis,
1008 706 1106 768 vobis

155 799 359 864 imminebit.
404 799 554 863 Valete.'
617 800 685 863 His
715 801 765 865 ita
791 802 911 882 gestis,
939 804 1106 883 praedicta

155 898 364 962 universitas
388 898 483 962 misit
501 919 563 980 per
585 900 712 963 milites
734 908 769 963 et
787 901 963 964 ministros
986 903 1105 966 literas

156 996 220 1060 bas
238 1017 330 1061 novo
348 998 497 1079 quodam
514 998 629 1080 sigillo
653 1000 822 1080 signatas,
840 1000 876 1062 in
893 1020 962 1082 quo
978 1002 1105 1084 sculpti

155 1104 257 1160 erant
278 1097 347 1160 duo
368 1097 488 1178 gladii,
511 1106 547 1161 ct
571 1098 661 1162 inter
683 1099 817 1180 gladios
839 1100 1006 1181 scriptum
1029 1110 1105 1166 erat

155 1195 267 1260 ‘Ecce
284 1196 352 1259 dno
374 1196 482 1277 gladii
505 1196 584 1273 hic,’
607 1198 644 1260 in
668 1199 806 1261 modum
831 1199 1034 1262 citationum
1061 1201 1105 1264 ad

155 1295 318 1360 ecclesias
333 1296 430 1376 regni
448 1295 673 1369 cathedrales,
694 1305 745 1372 ut,
759 1298 789 1361 si
806 1317 893 1379 qnos
910 1299 1106 1364 invenirent

154 1393 438 1472 contradictores,
454 1394 561 1478 juxta
586 1395 676 1476 quod
703 1397 879 1478 provisum
902 1396 1016 1463 fuerat
1040 1419 1104 1481 pn·

154 1493 269 1557 nirent
286 1512 357 1557 eos.

166 1663 216 1729 De
229 1665 362 1750 qaedam
377 1667 552 1732 montorio
566 1667 654 1753 apud
666 1676 804 1732 mortino
815 1666 975 1733 Allonem
988 1667 1103 1748 debito,

446 1775 473 1830 et
488 1766 676 1851 decapitare
692 1767 808 1831 Cincii.

197 1889 267 1954 Per
279 1889 371 1955 idem
388 1899 535 1972 tempus,
546 1891 679 1954 decimo
696 1898 798 1954 sexto
814 1889 981 1954 kalendas
995 1890 1017 1954 J
1021 1910 1103 1956 anu·
1118 1912 1203 1951 icone
1216 1911 1265 1978 nen

153 1988 230 2066 arii,
247 1990 402 2055 habitum
421 1997 475 2053 est
492 1991 585 2072 apud
608 1997 766 2053 sanctum
783 1988 958 2053 Albanum
980 1990 1104 2070 ingens
1116 1963 1266 2061 tillidi:

153 2090 395 2153 consistorium
408 2090 584 2165 abbatum,
596 2090 761 2171 priorum,
775 2089 1103 2166 archidiaconorum,
1117 2062 1223 2101 ⁰¹²⁰⁶⁸¹⁰'

154 2207 233 2252 cum
266 2196 340 2252 tota
369 2190 440 2252 fere
471 2188 652 2253 nobilitate
674 2190 771 2271 regni
800 2189 1044 2271 magistrorum
1069 2197 1104 2253 et

155 2287 368 2364 clericorum,
396 2288 457 2370 qui
480 2308 598 2352 omnes
626 2289 670 2353 ad
698 2287 764 2352 hoc
786 2295 1021 2354 convenerunt
1043 2308 1105 2369 per

153 2388 354 2451 mandatum
369 2386 497 2450 domini
515 2407 627 2470 papae,
638 2396 679 2452 ut
687 2388 901 2452 celebrarent
917 2388 1103 2452 divortium

153 2486 243 2551 inter
260 2487 470 2550 comitissam
488 2486 645 2550 Esscxioe
661 2495 697 2551 ct
708 2488 819 2551 virum
835 2507 947 2564 suum,
967 2488 997 2549 si
1014 2489 1102 2551 ratio

155 2584 189 2649 id
205 2583 364 2649 dictaret.
398 2584 441 2648 In
455 2587 607 2650 crastino
621 2594 750 2662 autem,
760 2586 964 2651 consistorio
976 2586 1103 2663 soluto,

152 2704 229 2749 cum
246 2683 376 2766 singuli
392 2684 543 2749 redirent
562 2686 606 2750 ad
628 2686 780 2766 propria,
803 2684 947 2748 clericus
963 2683 1102 2766 quidam

155 2783 348 2859 Romanus,
372 2785 509 2848 nomine
534 2778 705 2860 ¹Cincius,
728 2783 787 2864 qui
815 2783 969 2846 ecclesiae
991 2785 1103 2846 sancti

154 2882 257 2947 Pauli
279 2882 536 2947 Londoniarum
556 2892 632 2948 erat
655 2882 853 2959 canonicus,
874 2901 936 2964 per
958 2881 1102 2963 praedic-

154 2989 224 3047 tam
242 2983 517 3058 universitatem,
533 2989 572 3045 ut
587 2982 750 3058 creditur,
775 3001 842 3044 uon
864 2981 967 3062 louge
986 2999 1007 3043 a
1022 2980 1104 3045 villa

153 3083 265 3145 sancti
293 3081 422 3145 Albani
454 3088 577 3163 captus
615 3089 668 3145 est
702 3089 738 3145 et
766 3081 937 3145 abductus
967 3099 989 3143 a
1020 3079 1103 3144 viris

152 3180 296 3245 armaris
319 3188 354 3244 et
383 3181 555 3261 capitibus
581 3181 729 3258 velatis3
764 3181 824 3244 sed
850 3180 1016 3261 magister
1040 3177 1063 3241 J
1066 3199 1104 3242 o-

152 3277 284 3343 banncs
311 3279 544 3354 Florentinum
572 3278 806 3343 Norwiccnsis
830 3279 1104 3354 archidiaconus,

152 3379 212 3460 qui
229 3377 309 3441 huic
326 3379 532 3442 consistorio
548 3378 671 3455 adfuit,
686 3380 730 3441 ab
753 3378 818 3442 hac
840 3379 1000 3460 captione
1024 3397 1102 3442 eva-

153 3478 210 3553 sit,
237 3484 273 3540 ct
300 3476 342 3541 ad
372 3477 490 3540 urbem
520 3477 778 3541 Londoniarum
804 3478 940 3558 fugiens
967 3476 1104 3539 delituit

152 3574 278 3639 ibidem
295 3577 412 3639 multis
429 3576 558 3640 diebus.
604 3575 743 3640 Cincius
761 3595 843 3640 vero
859 3582 938 3656 post
952 3575 1104 3656 quinque

152 3675 376 3757 septimanas,
410 3676 582 3738 crumenis
610 3675 799 3748 evacuatis,
830 3681 870 3736 ut
897 3672 1035 3747 dicitur,
1058 3673 1102 3734 ad

153 3776 271 3837 urbem
297 3774 555 3838 Londoniarum
578 3793 684 3837 sanus
704 3781 740 3837 et
765 3770 947 3835 incolumis
972 3778 1026 3834 est
1051 3789 1103 3833 re·

153 3871 288 3936 ductus
353 3961 356 3967 Ι

396 4067 403 4100 ¹
415 4068 537 4132 Cincius]
562 4069 655 4118 Cliton.
668 4069 761 4119 Dunst.
774 4084 799 4130 p.
808 4072 865 4116 206.
