2978 4996
378 438 517 488 rnonns
541 440 811 489 ursronrauuu.
1023 425 1068 489 33

112 595 172 658 diu
197 595 433 676 perstiterant,
461 605 501 660 ut
524 595 708 661 Lodowico
734 605 769 660 et
793 596 978 660 baronibus
1003 616 1064 662 ex·
1079 610 1133 650 bv·
1146 612 1200 651 ¹²1⁷·

114 694 376 758 communicatis
406 695 525 758 divina
553 694 706 759 facerent
735 696 908 759 celebrare
933 704 1064 779 myste-

115 793 168 856 ria
188 812 209 855 a
228 794 440 876 presbyteris
464 793 784 870 excommunicatis,
811 794 902 858 unde
926 797 970 858 ab
993 815 1065 860 om.

114 892 216 955 nibus
247 892 422 957 beneficiis
451 893 592 975 spoliati
620 913 642 957 a
671 893 788 975 legato
820 888 983 959 ¹Romam
1013 895 1064 960 ire

110 989 279 1073 compulsi
308 1000 416 1070 sunt3
448 1011 527 1055 nam
557 991 651 1056 illico
678 999 759 1075 post
786 1010 957 1056 recessum
991 992 1061 1058 Lo-

112 1089 235 1153 dovvici
259 1092 304 1154 ab
325 1088 455 1172 Anglia
480 1091 618 1172 legatus
642 1091 736 1154 misit
755 1091 977 1173 inquisitores
1000 1112 1062 1174 per

110 1207 230 1252 omnes
254 1186 393 1270 Angliae
424 1190 634 1272 provincias,
663 1189 725 1272 qui
756 1209 990 1271 quoscumque
1017 1191 1061 1254 de

111 1307 281 1351 consensu
305 1289 410 1352 etium
433 1289 609 1353 levissimo
631 1288 820 1370 culpabiles
843 1289 1057 1365 invenerunt,

111 1386 359 1469 cujuscumque
387 1395 503 1451 essent
529 1388 659 1452 ordinis
687 1387 742 1451 vol
765 1388 957 1467 dignitatis,
985 1406 1061 1450 sus-

111 1504 238 1568 pensos
268 1486 438 1550 miserunt
463 1487 505 1550 ad
533 1487 685 1567 legatum
710 1494 745 1550 et
767 1487 811 1548 ab
837 1486 930 1549 omui
957 1487 1061 1550 bene·

111 1583 189 1646 ficio
208 1584 387 1666 spoliatos,
408 1585 468 1666 qui
487 1585 623 1649 illorum
645 1585 810 1649 beneficia
832 1586 903 1648 suis
926 1584 1058 1648 clericis

111 1682 328 1747 abundanter
355 1683 531 1748 distribuit
555 1693 659 1765 utque
684 1685 727 1747 de
752 1685 887 1748 damnis
912 1683 1057 1746 aliorum

110 1800 193 1844 suos
219 1801 338 1845 omnes
363 1783 488 1846 divites
516 1782 609 1847 fecit.
662 1780 771 1862 Hugo
800 1801 948 1864 quoque,
977 1782 1059 1845 Lin-

110 1879 295 1943 colniensis
322 1881 518 1963 episcopus,
546 1883 582 1944 in
607 1879 769 1961 Angliam
795 1881 936 1944 veniens
964 1881 1059 1944 mille

110 1997 245 2042 marcas
267 1999 330 2061 pro
349 1980 550 2063 episcopatu
570 1999 634 2043 suo
654 1978 888 2060 recuperando
908 1978 951 2041 ad
971 1998 1059 2060 opus

109 2077 238 2141 domini
261 2096 373 2159 papae,
395 2086 430 2141 et
447 2088 586 2143 centum
610 2096 744 2141 marcas
767 2077 895 2158 legato,
917 2076 961 2139 de
980 2095 1059 2157 pro·

108 2176 193 2239 bata
210 2176 358 2257 pecunia
376 2177 592 2256 numeravit3
616 2176 715 2259 cujus
731 2176 926 2257 exemplum
946 2175 1057 2252 multi,

109 2281 182 2337 tam
205 2275 357 2356 episcopi
378 2294 481 2357 quam
503 2275 568 2338 viri
590 2275 754 2356 religiosi,
774 2274 922 2338 insecuti
941 2293 1059 2357 sump-

109 2372 201 2436 tibus
222 2373 323 2436 nimis
341 2373 516 2437 damnosis
537 2375 683 2454 gratiam
707 2374 773 2436 sibi
791 2372 1059 2437 reconciliabant

108 2470 228 2552 legati.
280 2472 492 2536 clericorum
520 2491 602 2536 vero
636 2481 671 2536 et
693 2473 934 2536 canonicorum
961 2491 1060 2535 secu-

108 2569 232 2633 larium
263 2571 389 2652 ubique
418 2571 545 2634 haustu
571 2579 642 2635 tam
673 2571 898 2635 immoderato
926 2570 1058 2634 loculos

109 2669 303 2746 evacuavit,
323 2677 374 2746 ut,
392 2670 499 2752 juxta
522 2669 756 2750 evangelicam
780 2669 998 2744 sententiam,
1016 2687 1059 2731 ea

110 2786 189 2848 quae
224 2776 325 2831 erant
356 2768 512 2850 dispersa
550 2775 779 2847 congregaret
810 2767 846 2827 in
880 2785 987 2828 unum
1023 2775 1059 2828 et

109 2864 228 2930 multis
256 2885 300 2930 ex
328 2867 543 2948 portionibus
572 2884 676 2929 unum
703 2863 867 2945 grandem
901 2881 1059 2926 accumu-

106 2963 196 3028 laret
210 2983 384 3029 acervum.

109 3136 158 3200 De
175 3135 398 3202 debriantia
412 3147 439 3201 et
453 3136 640 3300 Γήεοπὶῗιόιε
654 3138 714 3201 iter
729 3136 775 3200 od
789 3146 905 3201 terrum
920 3144 1060 3200 modom

501 3237 604 3321 oqeot‘
623 3258 667 3299 us.

160 3353 279 3423 Circa²
304 3359 378 3423 dies
402 3360 487 3424 istos
514 3359 607 3423 sacta
632 3368 686 3423 est
705 3360 812 3422 motio
835 3358 988 3421 maxima
1015 3376 1058 3421 ex
1072 3373 1204 3463 mor

110 3455 368 3521 Coloniensium
403 3466 439 3522 et
466 3458 649 3522 Frisonum
691 3457 877 3540 provinciis
908 3457 1127 3519 uirorumue.

109 3554 251 3619 sortium
275 3564 311 3621 et
330 3557 546 3633 bellatorum,
568 3557 628 3638 qui
656 3556 868 3639 aprincipio
891 3554 1058 3637 praedica·

110 3653 215 3717 tionis
241 3654 353 3719 crucis
385 3655 648 3738 postgenerale
679 3654 859 3717 concilium
886 3660 1059 3715 trecentas

147 3831 270 3881 'Romam
291 3832 328 3881 ire
354 3833 471 3895 compulsi
493 3829 572 3891 runt]
640 3827 734 3879 'Circa
752 3829 805 3877 dies
823 3826 904 3888 istra]
927 3826 1003 3886 Upon
1019 3824 1062 3874 the

108 3900 163 3950 'l'he
185 3901 260 3950 order
276 3901 315 3950 ior
330 3902 397 3951 their
414 3902 517 3962 leaving
534 3901 576 3950 the
602 3899 688 3948 werla
707 3903 733 3946 to
755 3899 787 3945 be
806 3895 937 3945 cousulted
959 3894 998 3942 ior
1019 3893 1062 3942 the

110 3969 232 4032 kingdom
255 3971 278 4018 is
300 3971 401 4032 printed
424 3971 451 4019 in
474 3971 577 4032 Rymer,
603 3969 698 4028 history
710 3965 739 4014 ol
752 3965 803 4014 this
820 3963 938 4024 orande,
951 3977 993 4012 see
1011 3962 1063 4010 Mi·
1083 4028 1087 4035 Ι

110 4038 175 4088 from
207 4038 250 4088 the
282 4039 340 4089 Rot.
376 4039 466 4089 Cleua.
500 4040 577 4088 dated
603 4036 697 4098 cbaud,
712 4036 782 4084 Hist.
799 4034 845 4082 des
863 4032 1008 4096 Croisades,
1025 4032 1062 4081 iii.

109 4107 318 4171 Stoka‚tbe18tb
329 4108 358 4157 ol
368 4109 518 4170 February;
536 4123 578 4157 see
604 4123 630 4169 p.
643 4110 700 4155 4³⁵.

111 4177 165 4226 also
177 4177 236 4226 Rot.
248 4177 338 4247 Clans.
350 4192 377 4238 p.
391 4181 449 4228 871.

160 4282 239 4331 vol..
256 4283 304 4331 tv.
890 4278 912 4322 D
