2978 4996
471 443 612 492 enonas
636 445 906 495 nrsronmnun.
1097 429 1163 494 219

212 623 317 686 quam
351 604 534 686 praelatis3
571 607 626 668 cui
661 605 868 682 Richardus,
899 603 1161 670 Cantuariensis
1175 617 1296 657 A·⁰·1²³¹·

211 703 502 785 archiepiscopus,
525 711 560 767 et
582 703 722 785 quidam
745 704 898 786 episcopi
922 725 999 767 cum
1029 725 1071 768 eo
1101 726 1162 769 au-

212 801 331 866 dacter
365 804 565 867 resistentes
591 803 766 880 dixerunt,
789 805 881 885 quod
909 824 977 867 non
1001 812 1162 869 tenentur

212 901 277 964 viri
303 902 527 966 ecclesiastici
554 901 686 985 judicio
717 902 841 985 subjici
876 903 1054 980 laicorum,
1082 923 1161 967 cum

212 1001 343 1082 absque
364 1001 434 1064 illis
456 1021 656 1066 concessum
675 1001 796 1065 suisset
810 1004 1006 1083 scutagium
1029 1003 1065 1065 in
1083 1003 1159 1065 fini·

212 1099 276 1162 bus
306 1101 554 1163 transmarinis.
630 1100 787 1164 Tandem
817 1109 896 1182 post
922 1102 1049 1165 multas
1081 1101 1159 1165 hinc

212 1196 291 1261 inde
312 1197 581 1281 disceptationes
604 1201 794 1281 nogotium,
817 1208 984 1281 quantum
1011 1200 1054 1262 ad
1074 1220 1159 1282 prae·

211 1295 302 1360 latos
324 1298 564 1374 reclamantes»,
585 1318 694 1380 usque
717 1299 752 1361 in
770 1299 961 1380 quindecim
983 1300 1056 1362 dies
1079 1308 1160 1382 post

213 1393 349 1458 Pascha
385 1398 587 1462 dilationem
624 1399 785 1479 accepit3
829 1418 947 1463 omnes
983 1399 1054 1474 alii,
1087 1407 1159 1462 tam

212 1493 291 1557 laici
308 1514 412 1576 quam
434 1497 549 1560 clerici
569 1516 609 1560 ac
627 1497 774 1579 praelati,
793 1497 958 1561 favebant
976 1498 1082 1579 regiae
1099 1518 1160 1561 vo·

212 1592 348 1657 luntati.

301 1768 352 1831 De
367 1767 525 1831 discordia
541 1768 623 1831 inter
638 1788 736 1853 repen
750 1776 777 1831 et
793 1765 1065 1851 archepiscopum.

280 1886 350 1953 Per
377 1890 466 1953 idem
492 1898 628 1972 tempus
659 1888 868 1965 Richardus,
895 1887 1156 1952 cantuariensis
1172 1900 1285 1939 Themi·

1172 1951 1246 2000 blchop
1255 1960 1310 1989 com-

212 1989 501 2071 archiepiscopus,
517 1990 561 2052 ad
577 2008 692 2070 regem
709 1989 852 2052 veniens
868 1981 1093 2068 ¹conquestus
1106 1995 1159 2050 est
1171 2001 1300 2088 pm,

212 2085 254 2151 de
277 2087 451 2164 Huberto,
474 2087 613 2169 Angliae
632 2088 839 2170 justiciario,
862 2087 954 2168 quod
979 2085 1285 2148 castellumtusticbn·

199 2185 253 2256 ,de
270 2186 500 2268 Tunebregge
525 2207 602 2250 cum
625 2188 709 2250 villa
730 2195 764 2250 et
783 2185 999 2268 pertinentiis
1025 2183 1101 2267 ejus
1124 2193 1159 2248 et

212 2285 299 2348 alias
319 2287 486 2367 quasdam
506 2294 616 2349 terras
642 2285 809 2350 Gileberti
833 2285 968 2350 comitis
991 2285 1033 2347 de
1057 2283 1159 2347 Clare

212 2403 321 2466 nuper
349 2385 514 2461 defuncti,
543 2405 620 2467 quae
652 2386 695 2448 ad
722 2385 782 2467 jus
811 2404 910 2447 suum
939 2391 974 2446 et
1003 2383 1158 2447 ecclesiae

213 2481 472 2547 Cantuariensis
514 2485 731 2566 spectabant,
770 2484 914 2567 [injuste
951 2481 1157 2561 detinebat]

214 2582 303 2645 unde
324 2584 415 2647 idem
432 2602 547 2647 comes
568 2584 634 2646 sibi
655 2593 690 2646 et
705 2582 979 2646 antecessoribus
995 2581 1066 2644 suis
1085 2584 1159 2662 ipse

213 2688 248 2744 et
262 2681 533 2763 praedecessores
555 2684 609 2745 sui
631 2682 675 2745 ad
699 2682 968 2762 recognitionem
989 2688 1024 2741 et
1040 2679 1159 2742 homa-

212 2780 306 2859 gium
325 2782 555 2859 tenebantur3
590 2781 721 2863 quade
744 2798 850 2843 causa
872 2797 987 2858 regern
1010 2778 1160 2857 rogavit,

213 2885 251 2940 ut
273 2879 464 2943 custodiam
489 2879 571 2943 dicti
597 2878 730 2943 castelli
754 2897 831 2940 cum
856 2876 1071 2958 pertinentiis
1094 2876 1160 2938 sibi

213 2978 411 3042 restitueret
440 2986 475 3041 et
495 2979 578 3060 jura
603 2978 757 3042 ecclesiae
786 2974 1048 3039 cantuariensis
1079 2994 1159 3037 con·

212 3085 367 3140 servaret
388 3077 510 3140 illaesa.
563 3076 620 3140 Ad
642 3077 717 3140 haec
738 3075 949 3157 respondens
970 3093 1033 3137 rex
1057 3073 1159 3149 dixit,

212 3169 389 3240 comitem²
417 3175 599 3257 praefatum
628 3175 670 3239 de
701 3195 739 3238 se
764 3182 880 3239 tenere
907 3174 943 3236 in
972 3173 1098 3254 capite,
1125 3180 1160 3235 et

250 3347 419 3413 ¹Coaqaestns
444 3355 480 3399 est
502 3353 531 3398 de
551 3351 672 3410 lieberto,
699 3356 725 3400 to
753 3352 910 3412 Tunbn'dge,
941 3365 970 3399 as
1005 3350 1088 3399 stated
1125 3349 1158 3408 by

213 3417 315 3479 Augila
341 3419 491 3480 justiciore.
514 3415 527 3488 ]
580 3421 672 3469 Chron.
700 3421 785 3481 Certe,
806 3421 834 3469 ii.
853 3436 879 3480 p.
902 3424 944 3468 40.
979 3420 1010 3467 In
1028 3421 1069 3467 the
1092 3419 1157 3467 enno

212 3487 307 3536 Duust.
325 3503 352 3549 p.
369 3492 426 3537 2⁰2.
462 3489 516 3538 The
533 3491 635 3550 quarrel
651 3491 673 3538 is
701 3490 768 3538 lien.
791 3489 843 3538 111.
861 3488 902 3537 the
925 3490 1040 3550 seignory
1060 3488 1090 3537 os
1109 3488 1159 3536 this

211 3556 344 3606 described
361 3558 387 3605 in
400 3558 441 3606 the
457 3559 550 3607 Annei.
562 3559 673 3610 Waverl.
700 3574 786 3608 manor
803 3573 858 3607 was
878 3558 985 3606 claimed
1008 3558 1042 3618 by
1058 3557 1159 3605 arabbi-

211 3639 241 3674 υ
252 3627 327 3688 being
342 3628 455 3675 between
467 3629 509 3676 the
522 3628 673 3690 archbisbop
699 3629 762 3690 shop
774 3628 904 3687 Bonilace,
915 3627 964 3674 and
974 3641 1006 3674 an
1016 3631 1160 3685 agreement

211 3696 257 3744 ‘et
272 3697 381 3758 regales,
398 3698 443 3758 qui
459 3699 581 3747 violenter
594 3701 675 3760 ejece·
699 3697 801 3746 entered
810 3698 862 3744 into
872 3698 906 3755 by
916 3696 966 3743 him
973 3696 1035 3743 with
1048 3694 1159 3743 Richard

211 3770 270 3814 runt
291 3766 405 3814 homines
434 3768 618 3829 archiepiscopi
642 3768 674 3817 de
699 3764 1159 3827 deClare,earlosGloucester,con-

211 3835 320 3896 quadam
356 3837 481 3896 custodia,
509 3851 577 3898 quae,
608 3838 675 3885 sicut
700 3837 802 3895 ceming
820 3834 862 3882 the
880 3834 999 3895 services,
1014 3833 1097 3881 which
1116 3834 1158 3881 the

211 3905 337 3953 nonnullis
345 3907 427 3954 visum
437 3911 485 3967 est,
493 3907 593 3968 proprie
602 3922 674 3968 spec·
700 3904 851 3964 archbishop
862 3904 979 3963 required
996 3903 1025 3951 ol
1038 3903 1079 3950 the
1097 3904 1160 3961 earl,

211 3976 247 4022 tat
267 3974 301 4022 ad
316 3976 361 4035 jue
384 3975 576 4025 Cautuariensie
594 3978 674 4026 eccle·
701 3975 830 4034 byreaaon
842 3973 870 4022 oi
878 3973 920 4020 the
931 3977 1069 4020 tenements
1076 3971 1160 4020 which

210 4038 283 4101 siae3’
300 4059 326 4104 p.
340 4049 396 4094 19³.
701 4045 742 4092 the
764 4045 837 4092 latter
860 4043 918 4091 held
936 4042 965 4089 oi
979 4042 1030 4090 him
1051 4042 1076 4088 in
1093 4042 1162 4090 Tun·

245 4109 387 4162 'Comitem
405 4150 411 4162 .
431 4150 437 4162 .
458 4115 510 4162 ‚de
527 4129 552 4162 re
571 4116 674 4179 tenera]
701 4114 799 4176 bridge,
816 4118 881 4173 etc.;
900 4112 1021 4161 Hasted's
1039 4112 1115 4174 Kent,
1132 4113 1159 4161 ii.

209 4181 257 4230 Sea
268 4181 310 4231 the
322 4183 377 4231 title
391 4183 418 4231 oi
427 4183 469 4231 the
483 4185 550 4232 caris
561 4184 590 4232 oi
598 4186 673 4234 Clare
701 4201 726 4246 p.
739 4189 797 4246 all,
808 4183 858 4232 and
867 4185 901 4232 iv.
913 4199 938 4245 p.
951 4187 1010 4245 768,
1020 4187 1082 4231 note.
