2978 4996
371 438 439 502 20ss
631 453 764 502 noceri
788 455 835 501 nr
859 452 1066 501 wruoorua

531 682 581 745 De
594 682 727 767 quodum
732 684 923 767 sornerutore
937 682 1017 747 molo
1031 692 1160 747 mortuo.

209 823 333 863 soum.
425 807 510 870 Erat
532 807 597 871 hoc
620 816 774 889 tempore
799 807 836 870 in
861 806 984 870 minori
1005 808 1190 871 Britannia
1216 807 1327 872 soene·

210 874 313 912 Datim

209 934 328 962 mmm.
373 915 470 970 rator
500 907 653 987 quidam,
678 908 740 987 qui
764 907 946 987 peoumam
972 925 1072 968 suam
1097 908 1253 970 tribuens
1279 908 1324 972 ad

374 1025 514 1069 usuram
536 1006 740 1067 immensum
758 1024 973 1068 nummorum
987 1007 1215 1086 congregavit
1230 1026 1327 1070 acer-

373 1125 466 1167 vum.
519 1102 602 1181 Hic,
622 1123 700 1167 cum
723 1103 901 1166 multoties
925 1105 1155 1185 abepiscopo
1179 1105 1248 1167 loci
1272 1107 1326 1169 in-

373 1211 584 1287 creparetur,
605 1202 697 1285 quod
724 1221 793 1265 non
816 1201 944 1265 licebat
962 1202 1027 1265 sibi
1054 1202 1097 1265 de
1114 1205 1229 1266 usuris
1251 1224 1324 1268 rem

373 1321 513 1382 augere,
536 1301 648 1365 noluit
672 1300 792 1364 audire
814 1301 1026 1383 episcopum,
1048 1301 1121 1377 sed,
1147 1301 1229 1365 licet
1254 1323 1323 1367 non

372 1409 479 1477 recte,
494 1408 655 1464 strenuus
673 1421 744 1463 rem
761 1401 937 1481 augebat3
961 1419 1108 1481 cumque
1123 1399 1264 1464 tandem
1278 1405 1324 1466 ab

372 1501 535 1582 episcopo
564 1499 809 1580 incorrigibilis
834 1499 1020 1575 videretur,
1046 1502 1325 1564 excommunica·

372 1599 423 1661 vit
438 1618 516 1661 eum
539 1606 575 1661 et
591 1599 636 1660 ab
663 1599 798 1661 unitate
822 1596 974 1661 fidelium
995 1600 1206 1679 segregavit,
1226 1600 1320 1682 quod

371 1695 430 1759 ille
469 1695 722 1779 parvipendens
754 1697 1073 1761 exommunicatus
1110 1716 1180 1760 non
1211 1699 1322 1763 multo

371 1804 451 1877 post
480 1796 589 1859 vitam
613 1795 855 1860 miserabiliter
880 1797 1089 1860 terminavit.
1141 1793 1221 1875 Quo
1246 1797 1322 1861 siue

371 1894 499 1958 viatico
521 1903 558 1959 et
571 1895 788 1959 consessione
810 1894 985 1970 defuncto,
1007 1913 1098 1957 uxor
1116 1895 1193 1979 ejus
1210 1904 1248 1959 et
1261 1897 1322 1960 filii

371 1994 599 2058 veneruntad
622 1997 860 2076 presbyterum
876 1992 981 2069 ville,
1001 2002 1165 2073 rogantes
1186 2002 1225 2058 ut
1244 2014 1323 2059 cor·

370 2113 435 2174 pus
453 2094 605 2157 defuncti
631 2112 725 2156 more
746 2092 981 2156 ecclesiastico
1005 2092 1191 2175 sepeliret;
1224 2113 1322 2176 pres·

369 2194 468 2275 byter
490 2198 605 2254 autem
630 2190 695 2253 hoc
722 2189 835 2254 facere
863 2191 1048 2268 recusavit,
1075 2192 1231 2273 eoquod
1260 2213 1323 2257 ex-

369 2290 643 2353 communicatus
673 2289 834 2367 decessit,
859 2291 1064 2372 praecipiens
1094 2298 1134 2353 ut
1160 2291 1197 2353 in
1228 2293 1321 2356 bivio

372 2394 472 2450 extra
494 2386 611 2450 villam
635 2388 821 2469 sepelirent
845 2407 933 2453 eum.
988 2388 1090 2453 Uxor
1116 2397 1233 2453 autem
1265 2391 1324 2454 de·

371 2485 480 2549 functi
500 2485 565 2548 hoc
591 2486 736 2551 audiens
759 2487 856 2551 venit
878 2487 922 2550 ud
946 2488 1106 2550 comitem
1128 2507 1206 2551 cum
1230 2488 1322 2562 filiis,

370 2584 618 2664 querimoniam
635 2604 749 2650 coram
766 2606 808 2649 eo
822 2586 1010 2667 deponens,
1032 2586 1123 2668 quod
1145 2589 1325 2672 presbyter

370 2682 428 2745 ille
451 2684 698 2765 parochianum
714 2683 912 2749 defunctum
931 2685 1044 2749 uoluit
1060 2686 1218 2766 sepelire,
1240 2705 1325 2750 cau·

370 2800 444 2844 sam
460 2784 619 2859 reticens,
635 2782 728 2866 quod
745 2784 1064 2847 excommunicatus
1078 2784 1232 2849 obiisset.
1272 2785 1322 2849 At

369 2899 483 2945 comes
507 2890 629 2946 contra
648 2883 886 2964 presbyterum
907 2884 944 2945 in
966 2883 1052 2946 iram
1074 2902 1197 2948 versus
1214 2885 1322 2967 jussit

369 2982 536 3044 ministris
553 2983 636 3056 suis,
654 2988 695 3044 ut
705 2987 826 3045 euntes
842 2982 886 3044 ad
902 2981 1141 3064 presbyterum
1157 3001 1202 3046 ex
1220 2992 1319 3066 parte

370 3097 435 3142 sua
464 3080 702 3161 praeciperent,
731 3087 902 3162 quatenus
932 3088 1104 3144 mortuum
1135 3082 1319 3165 sepeliret3

369 3176 460 3257 quod
484 3179 513 3240 si
536 3177 649 3242 secere
671 3178 933 3255 contradiceret,
959 3179 1071 3261 ipsum
1099 3179 1217 3244 vivum
1241 3200 1318 3245 cum

368 3283 504 3339 mortuo
537 3277 721 3360 sepelirent
750 3278 910 3360 ligatum.
971 3278 1052 3342 Hoc
1079 3298 1158 3342 cum
1190 3279 1320 3344 factum

368 3382 471 3451 esset,
497 3395 615 3439 omnes
637 3378 788 3459 episcopi
812 3377 1003 3442 Britanniae
1022 3378 1136 3460 ipsum
1160 3379 1319 3443 comitem

368 3474 433 3536 sub
455 3475 675 3539 anathemate
696 3476 960 3555 concluseruut3
988 3477 1079 3540 unde
1102 3478 1246 3541 suborta
1268 3478 1319 3540 iu·

369 3578 503 3637 tereos
532 3574 716 3652 discordia,
743 3575 895 3659 episcopi
923 3576 974 3639 illi
1001 3594 1023 3638 a
1046 3577 1172 3640 comite
1200 3596 1319 3641 omnes

369 3671 403 3733 iu
434 3672 575 3736 exilium
602 3683 684 3738 suut
709 3674 859 3756 expulsi,
883 3682 920 3739 et
943 3693 1058 3739 comes
1083 3677 1319 3739 excommuni-

368 3777 466 3833 catus
486 3773 659 3851 remansit,
682 3773 791 3837 donec
813 3775 987 3839 sententia
1007 3773 1272 3839 confirmaretur
1297 3792 1319 3839 a

368 3889 470 3953 papa.
