2978 4996
473 456 610 505 nuoans
637 455 907 504 ursronranuu.
1142 442 1165 504 9

209 621 245 676 et
254 613 346 677 clero
359 613 539 677 orantibus
554 621 590 676 et
604 613 844 695 psallentibus,
860 612 974 696 [dum]
989 613 1163 677 exercitus
1177 630 1232 670 an.
1245 632 1300 669 uu.

209 711 336 775 clivum
361 713 490 777 montis
513 712 666 788 subiret;
698 719 733 775 et
748 713 829 776 licet
846 732 944 776 mons
965 719 1163 795 praeruptus
1176 680 1307 819 {amis

124 880 131 895 Ι
209 817 303 874 esset
329 810 493 893 undique,
519 818 554 873 et
582 809 679 874 velut
706 811 928 894 impossibilis
954 811 989 872 in
1016 830 1163 876 ascensu
1192 790 1233 820 ω’

210 917 246 972 et
267 916 367 973 extra
392 910 549 973 semitam
575 915 715 985 tortam,
739 929 857 973 omnes
880 918 996 973 tamen
1020 911 1165 974 viriliter

210 1008 450 1071 ascenderunt.
514 1005 536 1070 J
540 1007 694 1071 ohannes
719 1028 813 1084 vero,
841 1028 902 1071 rex
929 1007 1164 1086 Hierusalem,

210 1125 289 1169 cum
315 1106 440 1170 militia
466 1105 609 1182 Christi,
635 1106 863 1169 castellanum
888 1107 932 1169 ab
958 1125 1048 1187 equo
1070 1115 1163 1170 stra·

211 1204 262 1267 vit
285 1210 320 1268 et
338 1203 566 1268 admiraldum
595 1224 713 1281 unum,
737 1205 797 1286 qui
821 1205 933 1288 primo
958 1205 1087 1286 impetu
1112 1207 1165 1268 in·

211 1303 337 1385 trepidi
372 1311 475 1367 extra
502 1311 621 1384 portas
653 1303 698 1367 ad
727 1311 880 1368 montem
913 1303 1164 1367 defendendum

211 1401 368 1466 hostibus
395 1410 632 1477 occurrerunt,
661 1403 697 1466 in
727 1411 904 1485 stuporem
932 1422 992 1467 eos
1019 1422 1164 1466 conver·

203 1509 323 1573 ,tentes
343 1507 378 1565 et
399 1501 530 1583 fugam.
583 1500 651 1564 Sed
678 1521 740 1564 rex
764 1511 932 1583 quantum
958 1490 1084 1565 meruit
1107 1521 1164 1565 as·

211 1600 399 1677 candendo,
427 1609 563 1664 tantum
592 1599 761 1664 demeruit
785 1600 1050 1679 descendendo;
1082 1620 1163 1663 nam

211 1697 401 1782 Templarii
434 1700 534 1763 multi
571 1707 607 1762 et
639 1698 873 1780 Hospitalarii
910 1708 945 1763 et
977 1693 1164 1777 seculares,

211 1798 350 1878 quando
400 1797 556 1862 infideles
601 1798 692 1860 vires
737 1806 950 1880 receperant,
992 1799 1164 1862 vulnerati

211 1904 305 1973 sunt,
336 1896 396 1959 sed
421 1897 524 1978 pauci
552 1897 693 1960 mortui.
758 1896 801 1959 In
827 1897 892 1960 hoc
924 1905 1040 1961 autem
1071 1897 1164 1960 etin

97 1997 103 2007 “
213 1995 335 2077 primo,
365 1994 407 2058 de
433 2015 502 2077 quo
532 1995 696 2071 diximuS,
722 1996 880 2076 equitatu
909 1995 1164 2059 multitudinem

212 2095 399 2157 maximam
439 2094 604 2171 virorum,
642 2093 823 2157 mulierum
863 2112 903 2156 ac
940 2093 1163 2175 parvulorum

212 2193 302 2274 apud
330 2192 454 2257 Achon
482 2193 670 2257 Christiani
697 2192 922 2269 reduxerunt,
949 2193 1006 2255 ubi
1032 2192 1164 2274 episco-

211 2311 278 2372 pus
295 2290 513 2356 Achonensis
533 2293 710 2373 parvulos,
732 2311 968 2374 quoscumque
987 2292 1041 2355 vel
1061 2311 1163 2374 prece

213 2391 268 2454 vel
303 2390 416 2472 pretio
450 2391 605 2455 obtinere
639 2392 766 2474 potuit,
798 2391 1016 2472 baptizarit3
1052 2390 1164 2454 foemi·

212 2508 275 2552 nas
291 2509 374 2554 vero
396 2491 487 2553 inter
509 2488 789 2554 sanctimoniales
811 2490 986 2553 distribuit
1003 2498 1038 2553 et
1054 2489 1164 2553 literis

213 2589 386 2669 applicare
417 2588 507 2652 fecit.
573 2588 617 2651 In
642 2589 743 2652 tertio
766 2596 881 2651 autem
908 2589 1078 2670 equitatu,
1108 2589 1164 2651 cui

214 2686 412 2768 patriarcha
434 2706 512 2750 cum
535 2686 628 2750 clero
650 2695 685 2750 et
707 2688 807 2769 signo
830 2688 941 2751 crucis
967 2706 1036 2750 non
1059 2688 1164 2750 inter·

213 2784 291 2861 iirit,
309 2786 419 2849 multa
434 2785 665 2861 incommoda,
681 2793 753 2848 tum
770 2805 831 2867 per
849 2785 1075 2861 latrunculos,
1090 2794 1163 2848 tum

213 2903 257 2946 ex
297 2883 430 2967 hyemis
469 2882 697 2959 incommodo,
732 2883 886 2965 perpessi
921 2890 1003 2945 sunt
1032 2882 1164 2960 fideles,

212 2983 403 3065 praesertim
433 2982 469 3045 in
496 2983 616 3064 vigilia
643 2981 837 3046 nativitatis
870 2981 1075 3057 Dominicae,
1102 3001 1164 3062 per

212 3082 317 3160 viam,
359 3083 396 3145 in
434 3101 504 3163 qua
543 3082 604 3145 illa
642 3089 743 3145 nocte
785 3100 884 3145 sacra
922 3087 1162 3163 tempestatem

213 3182 326 3245 ventis
348 3188 554 3245 commotam
578 3186 614 3244 et
629 3180 757 3262 pluviis
779 3181 1007 3260 invenerunt;
1030 3181 1066 3244 in
1087 3180 1164 3243 fini-

213 3279 277 3344 bus
300 3281 404 3344 etiam
428 3279 514 3362 Tyri
536 3287 571 3343 et
593 3278 731 3343 Sidonis
749 3279 857 3361 juxta
884 3278 1031 3362 Sarepta
1053 3279 1163 3343 multa

213 3380 366 3462 perpessi
400 3379 542 3443 fuerunt
566 3377 795 3454 incommoda,
820 3386 891 3442 tam
925 3380 1015 3442 aeris
1040 3379 1163 3443 intem-

212 3478 319 3559 perie,
336 3498 439 3560 quam
455 3478 615 3543 molestia
630 3476 811 3560 corporali.

269 3650 413 3724 Qualiter
428 3649 553 3715 barones
568 3650 693 3735 Acylla
702 3651 872 3736 propriam
888 3651 1046 3714 mimriom
1061 3650 1107 3712 od

516 3759 642 3814 mentera
657 3750 855 3814 reduxerunt.

263 3869 368 3934 Anno
393 3871 535 3936 Domini
558 3889 724 3936 nrccxvu.
742 3872 881 3956 juvenis
901 3893 963 3936 rex
986 3872 1298 3936 Henricusaunrrr.

212 3968 278 4032 fuit
300 3970 344 4033 ad
370 3970 405 4033 N
408 3970 500 4034 atale
523 3972 616 4052 apud
642 3972 859 4048 Bristollum,
887 3979 1059 4053 praesente
1076 3943 1304 4037 Wa-rllili‘ll'

212 4068 291 4132 lone
326 4070 443 4151 legato
472 4078 507 4133 et
537 4070 714 4134 Willelmo
751 4070 996 4150 Mareschallo,
1029 4048 1311 4147 rectoreiiiiifflr.

213 4167 367 4249 ejusdem
389 4170 480 4250 regis
501 4176 534 4232 ct
552 4170 658 4250 regni.
714 4170 800 4234 Erat
818 4178 934 4235 autem
956 4192 998 4236 ea
1014 4180 1162 4255 lempes.
1176 4153 1234 4184 nna,
