2978 4996
365 427 433 492 836
619 441 754 489 nocuus
780 441 826 488 nu
850 437 1058 489 wnvnovna

205 615 260 656 sn.
271 616 326 654 1²³⁵.
366 616 476 680 panas
504 597 682 681 pulsantes
709 605 745 663 et
772 597 909 662 cantica
929 595 1062 659 laetitiae
1086 592 1318 669 modulantes,

365 698 456 762 iuter
472 718 558 780 quos
575 698 744 780 siquidem
763 702 998 761 convenerunt
1013 713 1132 758 omnes
1155 693 1318 770 artifices,

365 805 400 861 et
425 798 582 879 magistri
614 797 861 880 cujuscumque
893 794 1028 876 generis
1058 793 1199 856 musicae
1230 793 1316 856 artis

365 916 443 959 cum
459 898 531 960 suis
549 895 799 971 instrumentis,
815 895 874 977 qui
891 895 926 957 in
942 893 1035 957 omui
1053 892 1177 955 laetitia
1198 892 1316 974 nupti·

366 996 412 1058 ali
431 1015 491 1077 per
508 996 600 1059 viam
618 995 771 1078 quinque
793 994 925 1057 dierum
947 992 1199 1074 imperatricem
1223 989 1314 1072 apud

367 1094 547 1158 Coloniam
570 1095 835 1170 conduxerunt3
868 1093 925 1155 ubi
949 1092 1089 1173 cognito
1117 1090 1226 1172 ipsius
1253 1089 1314 1153 ad·

366 1202 484 1270 ventu,
501 1195 659 1257 exierunt
676 1195 720 1256 ab
737 1194 820 1255 urbe
836 1193 872 1254 in
895 1210 1074 1255 occursum
1092 1189 1168 1273 ejus
1190 1189 1235 1252 ad
1256 1190 1314 1252 de-

365 1311 439 1355 cem
470 1293 578 1356 millia
609 1294 736 1356 civium
765 1311 841 1354 cum
872 1290 1015 1353 floribus
1045 1295 1081 1353 et
1111 1288 1236 1370 palmis
1270 1308 1312 1351 ac

365 1391 498 1456 festivis
517 1392 738 1467 indumentis,
752 1390 813 1473 qui
832 1391 867 1452 iu
885 1389 983 1471 equis
1003 1388 1161 1452 sedentes
1180 1387 1311 1468 Hispa-

364 1491 450 1553 nicis
473 1491 516 1553 ad
537 1491 662 1571 agilem
683 1509 742 1553 eos
766 1508 903 1552 cursum
926 1488 1106 1569 urgebant,
1130 1486 1211 1549 dum
1232 1486 1312 1550 has·

365 1596 418 1651 tas
436 1596 470 1652 et
484 1589 680 1664 arundines,
695 1607 782 1670 quas
797 1588 952 1651 ferebant
969 1587 1005 1650 in
1021 1585 1191 1662 manibus,
1206 1586 1243 1649 in
1258 1584 1310 1649 al·

364 1693 532 1751 terutrum
556 1687 811 1769 confregerunt.
864 1686 1010 1750 Talibus
1033 1685 1140 1766 igitur
1162 1686 1310 1767 impera·

363 1787 433 1849 trix
447 1788 612 1851 comitata
624 1786 795 1869 tripudiis,
804 1787 1044 1850 conduxerunt
1055 1803 1130 1847 eam
1144 1803 1207 1866 per
1218 1784 1308 1866 prin·

362 1885 491 1968 cipales
518 1887 652 1969 plateas
676 1885 829 1949 civitatis
851 1891 972 1949 contra
988 1883 1097 1965 ipsius
1120 1882 1307 1947 adventum

362 1986 598 2068 multipliciter
612 1986 820 2063 adornatas3
840 1983 901 2047 sed
918 2002 995 2046 cum
1012 1982 1073 2045 illa
1087 1984 1308 2063 cognovisset

361 2085 454 2165 quod
469 2105 601 2161 omnes,
616 2093 652 2150 et
665 2084 836 2166 praecipue
851 2081 983 2146 nobiles
998 2089 1165 2161 matronae
1179 2101 1258 2164 quse
1273 2083 1308 2145 in

360 2184 496 2247 solariis
521 2183 693 2258 sedentes,
717 2182 840 2246 faciem
864 2181 940 2265 ejus
967 2180 1083 2244 videre
1109 2181 1307 2262 cupiebant,

360 2281 530 2363 capellum
549 2302 593 2344 ex
605 2281 719 2363 capite
737 2279 874 2345 demisit
887 2286 922 2344 et
935 2279 1086 2362 peplum,
1102 2287 1140 2342 ut
1153 2280 1307 2344 universi

360 2378 503 2441 liberum
524 2380 633 2461 ipsius
652 2380 819 2444 haberent
835 2386 1025 2461 aspectum,
1042 2378 1115 2461 qui,
1137 2378 1249 2442 oculis
1271 2381 1307 2443 in

359 2476 434 2560 ejus
461 2479 674 2560 inspectione
702 2479 914 2561 aliquamdiu
941 2470 1117 2554 recreatis,
1139 2476 1308 2543 laudave-

358 2584 441 2640 runt
463 2596 539 2640 eam
562 2578 708 2642 multum
735 2597 779 2641 ex
803 2577 867 2641 hoc
887 2577 992 2652 facto,
1015 2575 1307 2659 pulchritudinem

357 2674 451 2739 illius
473 2678 602 2759 pariter
624 2685 659 2741 et
674 2676 901 2740 humilitatem
926 2674 1111 2757 plurimum
1132 2694 1309 2740 commen·

358 2774 491 2840 dantes.
544 2775 735 2858 Hospitata
759 2783 814 2839 est
835 2783 952 2839 autem
977 2774 1180 2856 imperatrix
1204 2784 1309 2841 extra

357 2893 473 2938 muros
487 2875 639 2939 civitatis
656 2882 797 2956 propter
813 2874 998 2938 tumultum
1015 2874 1104 2957 ejus,
1118 2873 1310 2956 imperato·

357 2973 404 3035 ris
424 2974 471 3037 ibi
492 2974 694 3037 mandatum
716 2981 932 3056 exspectans.

409 3148 499 3222 Quod
513 3149 683 3233 imperator
696 3149 923 3236 inperatricem
939 3148 1030 3236 opud
1048 3149 1258 3215 Warmesiam

727 3250 930 3335 desponsavit.

193 3380 343 3471 affluat
406 3367 577 3450 Tempore
601 3391 670 3453 quo
696 3372 897 3455 imperatrix
925 3371 1017 3454 apud
1040 3369 1222 3435 Coloniam
1247 3393 1308 3437 ve-

291 3459 296 3470 '
356 3467 418 3543 nit,
435 3468 622 3550 imperator
644 3479 720 3536 erat
739 3471 869 3536 bellicis
891 3469 1169 3553 expeditionibus
1191 3471 1306 3554 impli-

354 3576 453 3631 catus
467 3576 588 3633 contra
601 3571 707 3634 filium
728 3590 826 3633 suum
849 3570 914 3633 sibi
930 3569 1103 3645 rebellem,
1123 3569 1184 3632 sed
1203 3579 1305 3652 pater

353 3674 475 3730 contra
491 3688 567 3731 eum
584 3676 655 3733 tam
672 3671 849 3752 copiosum
863 3669 1029 3733 conduxit
1042 3669 1247 3746 exercitum,
1264 3678 1303 3735 ut

353 3765 455 3829 simul
479 3774 513 3830 et
532 3768 638 3831 senrel
660 3777 777 3833 castra
798 3770 915 3833 decem
938 3769 1115 3832 obsidione
1133 3768 1301 3849 vallaret3

352 3863 549 3946 inquorum
571 3886 640 3930 uno
657 3867 845 3932 fortissimo
867 3886 945 3931 cum
968 3867 1075 3930 filium
1094 3867 1299 3943 obsedisset,

352 3963 410 4026 ille
429 3966 538 4046 patris
566 3967 786 4032 severitatem
811 3976 968 4031 metuens
987 3965 1097 4030 exivit
1112 3965 1157 4029 de
1182 3975 1300 4032 castro

352 4069 398 4138 et,
413 4083 576 4127 corruens
592 4066 627 4128 in
643 4074 769 4130 terram
785 4087 899 4130 coram
916 4067 1003 4148 ipso,
1015 4065 1091 4149 ejus
1108 4065 1302 4130 misericor·

351 4159 441 4224 diam
465 4163 663 4246 imploravit
681 4186 689 4245 ;
722 4167 781 4229 sed
802 4166 860 4230 ille
878 4165 952 4228 sine
973 4164 1209 4229 misericordia
1225 4167 1301 4230 vin-
