2978 4996
364 431 431 496 298
618 445 751 494 uocum
777 446 823 492 ou
847 444 1055 492 wranovna

205 619 327 658 anua·
366 622 512 684 nemque
543 611 652 667 totam
682 604 909 679 illustrantes,
938 622 1015 665 cum
1046 621 1150 665 manu
1181 611 1320 665 armata

366 722 434 765 non
472 702 606 766 modica
637 702 816 766 festinavit
843 703 878 764 in
911 701 1079 765 auxilium
1111 720 1226 765 rerum
1257 720 1316 762 su-

366 820 486 879 arum3
513 801 586 877 sed,
609 820 688 864 cum
710 821 732 866 a
755 801 982 865 referentibus
1006 801 1229 881 cognovisset
1251 800 1315 863 Ri-

366 899 532 963 obardum
549 900 672 964 Sinard
692 900 795 983 bujus
811 900 985 965 violentiae
1001 899 1107 962 fuisse
1124 906 1316 975 auctorem,

366 1000 466 1080 quasi
489 999 567 1062 telis
590 1001 811 1063 obviantibus
831 999 940 1062 sraeua
962 999 1102 1062 retorsit
1117 1006 1153 1062 et
1169 998 1315 1062 calcari-

368 1100 431 1161 bus
450 1118 519 1162 uon
535 1117 679 1179 parcens
697 1099 740 1161 ad
758 1117 872 1180 regem
889 1117 966 1161 cum
984 1116 1119 1160 summa
1135 1097 1316 1161 celeritate

368 1197 505 1279 refugit,
530 1198 619 1261 uude
647 1199 760 1279 ipsum
782 1216 899 1278 regem
921 1204 958 1260 et
974 1197 1061 1259 alios
1083 1197 1142 1278 qui
1166 1196 1314 1260 aderaut

367 1297 410 1359 ad
443 1297 549 1359 risum
573 1298 771 1360 commovit.
836 1294 906 1359 Per
933 1296 1022 1358 idem
1047 1294 1152 1359 etiam
1175 1303 1315 1377 tempus

367 1396 441 1477 ipse
471 1395 666 1459 Richardus
697 1402 732 1458 et
758 1395 843 1458 socii
875 1394 959 1477 ejus,
986 1393 1153 1475 quosdam
1184 1394 1314 1458 milites

368 1494 545 1556 infinibus
570 1492 709 1557 Walliae
734 1494 799 1557 sibi
824 1493 1049 1557 adversantes
1070 1493 1177 1575 juxta
1201 1492 1314 1574 legem
1378 1531 1381 1537 ·

367 1611 501 1672 guerrae
534 1599 699 1673 ceperunt
732 1592 836 1657 etad
868 1611 1011 1674 gravem
1043 1592 1313 1673 redemptionem

368 1689 615 1771 compulerunt.

428 1788 559 1852 Eodem
589 1809 682 1852 auno
712 1789 747 1851 in
778 1788 926 1853 ecclesia
949 1788 1081 1853 Christi
1110 1787 1314 1854 Cautuariae

367 1895 589 1953 consecratus
623 1896 677 1952 est
707 1887 941 1965 Eadmuudus‚
973 1888 1127 1971 ejusdem
1159 1888 1316 1952 ecclesiae

367 1988 508 2064 electus,
532 2007 554 2051 a
577 1987 730 2068 Bogero,
757 1987 967 2051 Loudinensi
994 1987 1169 2069 episcopo,
1193 1987 1227 2049 in
1258 2007 1314 2050 ar-

367 2087 622 2168 chiepiscopum
639 2087 922 2150 Cantuarieusem
938 2086 1134 2160 Dominica,
1146 2105 1218 2168 qua
1232 2105 1314 2149 can-

369 2194 464 2248 tatur
481 2185 640 2248 ‘Laetare
658 2185 903 2260 Hierusalem,’
919 2205 997 2266 quae
1012 2193 1095 2248 tunc
1109 2184 1175 2248 fuit
1188 2194 1315 2266 quarto
1386 2260 1394 2269 ⁸

369 2302 478 2346 nonas
494 2282 637 2365 Aprilis,
660 2294 831 2364 praesente
854 2304 935 2366 rege
958 2304 1035 2347 cum
1056 2284 1222 2347 tredecim
1242 2286 1315 2366 epi-

370 2383 506 2463 scopis;
534 2391 570 2445 et
585 2381 704 2444 eodem
722 2384 778 2447 die
798 2382 937 2447 missam
955 2378 1050 2446 ¹cum
1067 2383 1174 2465 pallio
1193 2384 1317 2447 solem-

371 2481 459 2543 niter
474 2480 672 2545 celebravit.

435 2651 525 2725 Quod
540 2673 595 2715 rec
607 2653 782 2738 Artobram
797 2654 968 2739 episcopam
985 2653 1221 2718 Wintomeaaem
1234 2663 1264 2718 ot

530 2752 726 2817 Pictacenses
740 2774 762 2816 c
775 2774 829 2817 aco
844 2752 971 2818 coasilio
986 2753 1155 2817 roraverit.

215 2895 335 2936 rorone
437 2874 539 2939 Circa
568 2876 704 2939 eosdem
736 2876 809 2940 dies
839 2875 988 2957 denique
1016 2883 1253 2938 convenerunt
1275 2876 1319 2939 ad

215 2946 352 3034 bilbilis.
372 2975 582 3057 colloquium
604 2975 787 3038 Dominica
805 2976 915 3055 prima
927 2976 964 3038 iu
980 2975 1142 3056 passione
1164 2974 1321 3052 Domini,

373 3094 451 3154 quae
475 3083 557 3137 tunc
584 3075 649 3136 fuit
668 3075 790 3155 quinto
813 3074 890 3137 idus
910 3073 1054 3155 Aprilis,
1083 3074 1176 3155 apud
1199 3074 1320 3138 West·

375 3173 633 3249 monasterium,
659 3192 721 3236 rex
744 3193 823 3237 cum
846 3173 1030 3236 comitibus
1064 3181 1099 3236 et
1118 3173 1322 3251 baronibus,

375 3278 410 3332 et
436 3270 714 3353 archiepiscopus
747 3292 857 3355 nuper
887 3281 1109 3336 consecratus
1137 3290 1217 3334 cum
1249 3274 1322 3336 suis

375 3368 614 3450 suffraganeis,
637 3381 674 3435 ut
689 3392 796 3453 reguo
814 3373 1014 3454 perturbato
1037 3370 1224 3435 salubriter
1241 3392 1323 3453 pro·

377 3467 541 3536 viderent.
609 3470 898 3554 Arobiepiscopus
937 3469 1086 3553 quidem,
1127 3470 1325 3553 conjunctis

377 3569 442 3632 sibi
470 3571 639 3653 episcopis
666 3589 708 3633 ac
735 3573 869 3634 caetcris
897 3571 957 3652 qui
987 3569 1133 3632 aderaut
1157 3570 1326 3650 praelatis,

377 3667 420 3730 ad
443 3688 557 3749 regem
578 3671 717 3733 veniens
741 3670 894 3734 ostendit
910 3671 942 3732 ei
964 3668 1145 3732 consilium
1166 3687 1270 3732 suum
1291 3679 1326 3735 et

377 3768 616 3849 episcoporum
639 3788 743 3850 super
764 3769 977 3834 desolatione
1000 3768 1097 3848 regni
1119 3776 1156 3831 et
1171 3769 1327 3849 periculo

378 3867 582 3943 imminenti,
611 3868 809 3950 replicando
841 3868 1078 3949 suprascripta
1108 3868 1329 3933 incommoda

376 3965 413 4028 iu
435 3967 608 4048 colloquio
627 3969 786 4050 superius
808 3968 927 4031 habito
946 3967 1011 4030 sibi
1033 3985 1210 4048 expressa.
1258 3969 1331 4033 De·

414 4138 499 4189 ¹Cam
520 4143 603 4204 pollio.
623 4143 633 4204 ]
673 4142 746 4191 Paris
771 4143 954 4202 adds,÷Simon
977 4143 1009 4191 de
1033 4143 1123 4204 chro,
1140 4144 1197 4204 ejus
1215 4143 1334 4194 ecclesiia

380 4211 386 4235 ‘
401 4211 468 4270 quod
480 4217 554 4259 caute
566 4213 590 4260 ei
601 4212 633 4258 de
648 4215 718 4261 curia
730 4212 845 4262 llouraua
856 4200 860 4284 i
870 4213 1016 4273 incumbas,
1027 4207 1169 4262 detulerat?
