2978 4996
467 451 608 500 rnonns
632 450 902 502 msromnauu.
1126 439 1171 504 95

215 619 317 692 petus
331 629 391 675 eos
406 610 571 688 ducebat3
599 612 688 674 inter
705 631 792 693 quos
808 605 1001 676 ¹Henricus
1016 613 1058 676 de
1071 614 1171 678 Brai-
1184 630 1237 671 uu·
1248 631 1304 671 122⁴.

213 711 296 774 broc
333 713 472 774 incaute
503 710 639 792 fugiens
671 718 796 792 captus
825 731 847 773 a
874 712 1041 775 militibus
1075 733 1168 798 saepe

213 809 315 873 dictis
332 818 368 874 et
384 811 471 873 satis
490 808 677 873 inhumane
700 817 871 873 tractatus
898 811 990 893 apud
1017 821 1168 876 castrum

214 909 434 991 praelibatum
464 916 517 973 cst
545 908 709 973 carcerali
740 909 908 972 custodiae
939 911 1168 993 mancipatus

215 1008 370 1073 Rumore
401 1010 520 1090 itaque
552 1007 746 1089 divulgato,
776 1008 871 1073 venit
894 1027 985 1072 uxor
1013 1011 1170 1092 praedicti

215 1107 362 1172 Henrici
386 1108 479 1191 apud
502 1106 778 1170 Norhamtonam
809 1107 854 1170 ad
881 1127 1010 1189 regern,
1033 1117 1080 1186 et,
1108 1129 1170 1173 au-

213 1207 329 1272 diente
344 1208 506 1271 universo
522 1206 681 1282 concilio,
700 1206 743 1269 de
759 1206 834 1269 viro
860 1226 924 1270 sno
941 1228 1019 1270 cum
1036 1207 1171 1292 lachry-

213 1308 280 1370 mis
303 1307 478 1389 qnerelam
501 1306 684 1387 deposuit;
716 1304 809 1386 quod
834 1325 897 1370 rex
917 1306 1047 1370 facturn
1069 1309 1170 1371 nimis

214 1405 355 1487 indigne
377 1407 491 1469 ferens
514 1404 676 1487 quaesivit
703 1405 885 1469 consilium
911 1407 1043 1469 aclero
1067 1407 1169 1470 simul

213 1512 249 1569 et
278 1507 419 1588 populo,
446 1505 529 1587 quid
555 1505 622 1567 sibi
654 1523 758 1587 super
788 1512 888 1569 tanta
920 1506 1048 1588 injuria
1080 1507 1169 1571 foret

213 1605 397 1686 agendum.
449 1602 500 1668 At
521 1623 640 1668 omnes
666 1623 736 1666 una
763 1623 848 1668 voce
880 1605 1062 1669 consilinm
1096 1607 1169 1687 regi

213 1704 394 1781 dederunt,
415 1712 587 1786 quatenus
612 1704 687 1767 sine
709 1722 818 1779 mora,
844 1712 878 1766 et
904 1706 1064 1768 omnibus
1091 1707 1168 1770 aliis

212 1803 454 1886 praetermissis
471 1804 632 1884 negotiis,
653 1804 690 1865 in
713 1821 818 1865 manu
838 1803 955 1865 valida
976 1811 1012 1867 et
1033 1813 1168 1869 armata

212 1903 257 1967 ad
281 1911 432 1968 castrum
462 1903 680 1984 praelibatum
712 1900 877 1965 accedens
903 1909 1036 1965 tantam
1060 1910 1167 1966 terne-

212 2004 350 2068 ritatem
373 2001 513 2066 studeat
528 2002 728 2079 vindicare;
763 2020 909 2082 cumque
931 2001 1070 2064 domino
1094 2003 1166 2082 regi
1179 2016 1329 2107 {mped-

212 2102 306 2166 dicta
338 2101 525 2185 placuisset
552 2102 736 2176 sententia,
759 2101 835 2183 ipso
862 2100 1019 2183 jubente,
1049 2120 1167 2164 omnes
1298 2094 1303 2105 '

213 2201 258 2265 ad
289 2220 386 2265 arma
408 2221 512 2283 quam
535 2201 637 2264 citius
664 2200 889 2264 convolantes
915 2199 959 2263 ad
986 2200 1166 2264 castellum

213 2302 256 2365 de
291 2301 475 2377 Bedesord,
510 2308 582 2364 tam
606 2294 736 2364 ²clerus
764 2318 868 2381 quam
898 2299 1059 2382 populus,
1092 2311 1168 2382 p'er-

213 2408 392 2465 venerunt.
431 2399 553 2463 Missis
570 2400 677 2481 igitur
694 2419 813 2481 aroge
831 2400 961 2463 nuntiis
979 2400 1022 2464 ad
1039 2402 1167 2484 magis·

213 2507 288 2564 tros
313 2500 534 2575 castellanos,
562 2500 662 2580 petiit
687 2499 881 2580 ingressum
914 2499 981 2562 sibi
1012 2500 1099 2578 dari,
1132 2510 1168 2565 et

214 2598 405 2663 Henricum
432 2600 475 2663 de
498 2598 665 2663 Braibroc
687 2599 917 2681 justiciarium
945 2618 1045 2662 sunm
1071 2602 1167 2664 reddi

212 2698 403 2763 mandavit.
454 2698 652 2762 Willelmns
670 2717 808 2780 quoque
823 2697 865 2760 de
882 2698 1044 2773 Breaute,
1060 2698 1168 2761 frater

214 2798 377 2875 Falcasii,
393 2805 429 2862 et
444 2797 503 2861 alii
527 2798 664 2873 inclusi,
685 2797 816 2860 nuntiis
843 2797 1107 2878 responderunt,
1130 2817 1167 2860 se

192 2898 396 2988 ‘castellum
420 2917 490 2960 non
510 2897 705 2960 reddituros
723 2895 790 2958 nisi
812 2895 891 2958 inde
911 2914 932 2958 a
948 2894 1086 2958 domino
1103 2915 1167 2960 suo

216 2997 378 3061 Falcasio
411 3004 623 3079 praeceptum
651 2995 830 3073 haberent,
856 3003 891 3058 et
914 2997 958 3058 ob
985 2994 1050 3058 hoc
1076 3015 1166 3078 prae·

212 3097 326 3179 cipue,
349 3096 442 3179 quod
467 3095 543 3177 regi
568 3096 610 3159 de
637 3096 801 3176 homagio
822 3095 878 3158 vel
905 3094 1072 3159 fidelitate
1098 3116 1166 3160 non

212 3197 420 3259 tenebantur
437 3196 584 3259 astricti.
637 3195 739 3273 Quod
766 3214 968 3276 responsum
988 3215 1066 3258 cum
1093 3197 1166 3276 regi

213 3295 449 3359 renuntiatum
466 3295 601 3371 fnisset,
625 3294 825 3375 indignatus
842 3301 895 3358 est
911 3295 1025 3371 valde,
1049 3303 1083 3359 et
1099 3296 1165 3358 ira·

213 3402 272 3458 tus
300 3394 408 3476 jussit
437 3394 618 3457 castellum
643 3395 761 3456 cuneis
785 3393 991 3457 militaribus
1021 3395 1166 3457 circum·

212 3493 330 3574 cingi;
360 3493 411 3557 illi
432 3513 527 3570 vero,
550 3512 626 3556 sese
647 3493 691 3556 ad
714 3491 946 3556 defensionem
969 3513 1167 3575 praeparan-

212 3600 279 3671 tes,
307 3612 424 3655 muros
452 3601 488 3656 et
517 3591 779 3675 propugnacula
807 3591 957 3672 undique
987 3591 1168 3655 defendere

212 3700 436 3756 vacaverunt.
502 3692 603 3756 Tunc
637 3692 915 3774 archiepiscopus
948 3697 984 3753 et
1015 3690 1166 3772 episcopi

248 3882 258 3914 ¹
269 3884 393 3933 Hearicur
415 3886 444 3933 de
467 3885 615 3948 Bruttium]
644 3884 675 3933 ln
699 3885 759 3933 broc
770 3886 803 3944 by
815 3882 855 3930 his
867 3882 976 3941 brother,
986 3884 1004 3931 i.
1016 3897 1043 3943 p.
1056 3886 1113 3930 lta.

211 3954 479 4016 Rymerisawritot
492 3954 535 4004 the
552 3955 624 4016 king,
642 3955 674 4014 by
736 3949 869 4014 ’Cleru.]
894 3953 935 4000 An
954 3956 1062 4000 account
1078 3952 1107 4000 ot
1121 3953 1163 4000 the

211 4023 297 4073 which
305 4024 337 4072 he
344 4024 431 4072 remita
440 4024 480 4073 his
488 4039 566 4085 anger
576 4025 677 4086 against
701 4023 745 4071 aid
761 4022 893 4071 tumished
912 4023 946 4083 by
964 4021 1006 4069 the
1027 4022 1113 4084 clergy
1131 4038 1164 4070 on

211 4093 289 4144 cona
300 4094 332 4141 de
344 4093 465 4154 Breante,
475 4093 559 4143 which
577 4094 608 4142 he
624 4092 675 4142 had
701 4093 751 4141 this
762 4092 879 4141 occasion
895 4093 918 4140 is
935 4094 961 4141 in
972 4107 989 4141 a
1000 4093 1058 4140 writ
1076 4095 1110 4154 by
1121 4092 1164 4141 the

210 4163 370 4213 entemincd
384 4164 486 4226 against
504 4163 556 4211 him
575 4165 613 4213 sor
634 4164 676 4212 the
702 4163 773 4224 iring,
783 4161 861 4210 dated
876 4162 997 4224 uenturo,
1010 4162 1066 4212 rath
1079 4163 1165 4225 Aug.;

210 4234 442 4296 inprisonmentof
457 4234 546 4295 Henry
557 4234 589 4283 de
602 4235 676 4283 Brai-
703 4233 778 4294 Rynr.
790 4234 808 4283 i.
824 4248 850 4294 p.
865 4237 921 4282 1⁷⁵.
