2978 4996
274 636 329 674 ΑΛ).
340 635 395 673 lito.

273 685 409 724 bissenum·

272 735 294 773 ln
304 735 390 775 france.

431 449 497 513 212
687 466 819 513 noorai
844 464 891 512 nu
914 463 1123 511 wnunovnn

435 623 659 703 Burgundiae,
685 643 799 686 comes
825 622 1006 697 Bononiae,
1033 616 1162 683 ¹comes
1191 619 1235 682 de
1265 619 1386 694 DriuS,

434 742 548 785 comes
568 721 611 785 de
636 721 771 798 Mascu,
792 740 907 785 comes
929 721 1041 784 sancti
1065 719 1181 796 Pauli,
1203 736 1321 781 comes
1343 716 1386 781 de

436 822 519 896 Bar,
535 821 750 901 Engeramus
767 821 809 883 de
826 820 942 895 curci,
958 819 1135 882 Robertus
1149 818 1191 881 de
1207 816 1387 890 Curteuai,

436 920 587 983 etmulti
613 919 684 995 alii,
703 921 761 1001 qui
780 919 889 1003 jurati
910 927 945 982 et
963 917 1190 982 confoederati
1215 923 1328 992 eraut,
1346 922 1385 978 ut

435 1018 625 1093 dicebatur,
642 1018 715 1099 regi
734 1015 874 1098 Angliae
893 1024 928 1080 ct
942 1017 1058 1081 comiti
1077 1016 1270 1080 Britanniae
1286 1014 1386 1078 Hen-

436 1118 529 1194 rico;
560 1117 687 1180 bellum
711 1117 910 1180 indixerant
934 1116 1115 1179 comitibus
1141 1113 1386 1196 campaniensi

436 1222 472 1279 ct
491 1216 719 1293 Flandrensi;
750 1217 809 1297 qui
837 1235 967 1288 omnes,
989 1215 1175 1296 impetrata
1200 1213 1341 1276 licentia
1362 1232 1385 1275 1

436 1333 517 1394 rege
542 1314 767 1390 Francorum,
792 1313 971 1395 completis
999 1314 1037 1375 in
1063 1312 1240 1376 obsidione
1265 1310 1385 1375 Ande·

437 1414 549 1493 gaviae
567 1413 799 1494 quadraginta
816 1413 946 1475 dierum
966 1411 1134 1488 excubiis,
1153 1410 1284 1475 reversi
1301 1419 1384 1474 sunt

436 1512 470 1572 in
490 1513 638 1593 patriam
664 1532 775 1575 suam.
828 1511 926 1590 Quos
946 1531 1021 1588 rex,
1038 1530 1116 1574 cum
1136 1510 1215 1574 illos
1236 1509 1386 1574 retinere

436 1629 504 1673 uon
520 1611 646 1692 potuit,
663 1619 803 1675 secutus
823 1618 887 1687 est,
905 1618 956 1686 ut,
973 1611 1002 1672 si
1020 1608 1182 1691 possibile
1204 1616 1308 1682 esset,
1324 1629 1384 1672 eos

436 1708 611 1773 discordes
637 1710 681 1774 ad
705 1710 923 1774 concordiam
953 1708 1177 1786 reformaret;
1207 1708 1281 1785 sed,
1303 1727 1383 1772 cum

436 1807 526 1870 idem
552 1828 615 1872 rex
638 1810 770 1874 nobiles
790 1810 834 1874 ad
857 1828 976 1891 pacem
999 1807 1162 1872 reducere
1186 1807 1385 1871 nullatenus

436 1907 617 1987 potuisset,
639 1909 786 1990 ingressi
807 1916 889 1972 sunt
910 1927 988 1971 cum
1006 1907 1104 1989 equis
1126 1915 1161 1971 et
1178 1907 1284 1970 armis
1307 1907 1385 1972 hos-

436 2006 543 2070 tiliter
566 2009 708 2071 comites
729 2018 856 2072 terram
879 2006 1014 2071 comitis
1037 2006 1238 2088 Campaniae
1261 1999 1386 2088 'atque

434 2105 529 2167 illam
545 2107 625 2186 igne
639 2116 674 2169 et
685 2105 775 2169 serre
788 2106 990 2188 depopulari
1003 2097 1194 2188 coeperunt.
1239 2098 1385 2170 ³Comes

435 2223 518 2268 vero
543 2203 743 2286 Campaniae
774 2225 850 2269 cum
878 2207 1012 2286 ingenti
1045 2213 1256 2268 armatorum
1283 2207 1384 2288 copia

436 2301 592 2365 hostibus
608 2321 790 2366 occurrens
806 2304 962 2386 praelium
980 2311 1172 2386 campestre
1186 2305 1382 2381 commisit;

437 2409 474 2461 at
491 2400 645 2477 comites,
661 2409 732 2465 tam
755 2403 820 2467 sibi
842 2422 947 2484 quam
969 2404 1041 2466 suis
1061 2402 1256 2484 agminibus
1273 2403 1382 2466 virili·

437 2505 489 2560 ter
511 2498 723 2577 resistentes,
746 2521 790 2565 ex
814 2502 979 2565 militibus
1007 2502 1101 2565 illius
1124 2488 1292 2565 ducentos
1316 2503 1382 2565 sub

436 2598 596 2679 captione
627 2601 869 2665 concluserunt
896 2608 932 2665 et
954 2601 1118 2665 tredecim
1151 2610 1382 2682 peremerunt.

437 2695 540 2774 Quod
551 2717 629 2761 cum
640 2718 755 2763 comes
769 2700 1032 2782 Campaniensis
1045 2701 1278 2782 cognovisset,
1290 2719 1383 2764 cam-

435 2815 517 2877 pum
549 2817 611 2880 per
640 2799 759 2881 fugam
790 2799 953 2875 deseruit,
983 2800 1076 2863 omni
1110 2798 1382 2864 commilitonum

435 2896 599 2978 suffragio
617 2897 816 2973 destitutus,
839 2918 939 2981 quem
955 2899 1143 2980 fugientem
1158 2898 1276 2962 hostes
1292 2900 1382 2963 acri·

435 3001 488 3057 ter
518 2996 751 3079 insequentes,
781 3005 816 3061 et
842 3017 1076 3080 quoscumque
1104 2998 1325 3078 attingebant
1346 2999 1382 3062 in

435 3112 494 3156 ore
523 3095 630 3174 gladii
662 3104 931 3178 prosternentes,
963 3117 1032 3160 nen
1062 3099 1246 3161 cessabant
1272 3097 1381 3161 donec

433 3191 545 3272 ipsum
572 3194 731 3257 comitem
755 3194 846 3258 infra
867 3204 986 3278 portas
1016 3195 1202 3260 Parisiacae
1227 3196 1381 3260 civitatis

434 3308 538 3353 cursu
556 3293 676 3373 rapido
692 3295 917 3358 intruserunt.
957 3295 1069 3372 Tunc,
1086 3296 1241 3359 nolentes
1260 3295 1381 3359 ulteri-

434 3406 476 3450 us
502 3389 637 3472 insequi
658 3392 767 3469 illum,
791 3394 920 3457 reversi
942 3395 979 3456 iu
1000 3394 1225 3475 Campaniam
1251 3393 1381 3476 spolia·

435 3496 560 3551 verunt
581 3509 657 3552 eam
677 3498 799 3568 totam,
825 3501 939 3556 eastra
965 3500 1001 3557 et
1018 3493 1206 3576 municipia
1228 3492 1382 3575 compis-

434 3595 569 3664 nantes,
595 3590 693 3653 villas
719 3600 754 3655 et
771 3593 873 3655 urbes
897 3593 977 3673 igne
1002 3592 1270 3674 conflagrantes,
1291 3593 1380 3657 vites

468 3794 476 3826 ¹
486 3798 570 3845 Comes
578 3798 607 3845 de
619 3797 698 3846 Drios
711 3833 717 3846 .
736 3833 743 3848 .
763 3832 769 3846 .
781 3798 892 3858 lingere
951 3793 1050 3860 ’Atque
1061 3832 1068 3848 .
1079 3831 1086 3846 .
1097 3790 1258 3865 memma]
1268 3798 1382 3860 wanting

432 3880 485 3913 mue
502 3868 531 3913 de
552 3867 659 3930 Curet]
687 3869 740 3915 ‘Le
760 3871 840 3915 comte
859 3866 892 3915 de
916 3868 985 3916 inc.

432 3934 532 3996 Dreu1‚
549 3936 572 3983 le
589 3942 670 3985 comte
693 3937 725 3985 de
747 3933 851 3997 Mteou,
867 3936 891 3984 le
951 3929 1290 4003 mercamentum]
1301 3935 1384 3986 Theo·

432 4009 512 4053 comte
529 4005 560 4052 de
578 4005 604 4054 S.
624 4006 701 4067 Paul,
716 4006 742 4053 le
762 4009 842 4055 comte
859 4005 891 4054 de
916 4005 976 4053 bald
996 4005 1054 4065 IV.,
1073 4004 1209 4053 sumamed
1232 4005 1256 4053 le
1275 4004 1382 4066 Grand;

431 4073 493 4133 Bor,
520 4074 685 4134 Enguerrand
712 4075 744 4123 de
772 4074 861 4135 coucy
868 4069 891 4136 ;’
916 4088 1032 4136 compare
1047 4074 1089 4122 the
1106 4079 1214 4123 account
1227 4073 1384 4125 ortuum

430 4140 473 4189 Fr.
485 4142 610 4191 Translet.
628 4145 692 4193 illst.
712 4144 796 4206 Puris,
814 4145 851 4193 iii.
864 4159 891 4204 p.
916 4158 945 4193 us
963 4145 1038 4204 given
1054 4144 1089 4204 by
1104 4142 1244 4204 Joinville3
1261 4143 1324 4194 1111.
1336 4144 1383 4195 des

428 4212 486 4261 114.
917 4214 986 4263 Hist
998 4228 1042 4263 xx.
1054 4228 1098 4274 pp.
1109 4215 1167 4274 1101,
1178 4226 1228 4275 seq.
