2978 4996
373 466 514 515 rnonns
537 468 807 518 rnsronrnnun.
997 455 1064 519 333

114 643 256 700 unum,
283 623 487 704 speciosam,
508 624 591 688 flore
616 626 827 707 virginitatis
851 628 1061 708 insignitam,
1077 644 1132 684 an.
1144 646 1199 684 12³⁵.

116 723 325 787 indumentis
349 730 384 787 et
401 724 553 787 moribus
578 726 682 805 regiis
705 726 865 790 decenter
892 736 1062 805 ornatam,

115 824 247 886 nuntiis
262 822 497 903 imperialibus
515 823 735 889 exhibebant.
787 824 837 889 At
852 824 915 901 illi,
932 845 1010 889 cum
1026 828 1063 889 in

115 922 262 1003 virginis
278 922 491 1003 inspectione
505 923 614 985 visum
632 923 831 1005 aliquandiu
850 933 1063 988 recreassent

116 1029 151 1085 et
174 1040 249 1084 eam
275 1021 444 1102 imperiali
465 1021 564 1085 thoro
588 1022 827 1103 dignissimam
846 1024 881 1086 in
905 1025 1062 1086 omnibus

110 1118 340 1203 judicassent,
356 1120 647 1185 confirmaverunt
662 1123 916 1186 matrimonium
937 1123 972 1185 in
988 1124 1062 1186 ani-

116 1237 208 1282 mam
223 1220 440 1300 imperatoris
460 1220 665 1302 interposito
682 1222 894 1303 juramento,
917 1221 1061 1285 offeren-

116 1325 170 1381 tes
184 1319 216 1381 ei
235 1337 279 1381 ex
297 1326 396 1399 parte
410 1319 518 1401 ipsius
539 1318 755 1400 imperatoris
776 1321 940 1383 annulum
957 1341 1060 1402 spon·

115 1417 250 1495 salem;
285 1436 388 1499 quem
423 1437 501 1480 cum
535 1418 570 1480 iu
604 1418 679 1501 ejus
711 1420 820 1500 digito
851 1421 1060 1502 posuissent,

116 1516 430 1599 pronuntiaverunt
445 1535 522 1580 eam
543 1517 793 1598 imperatricem
815 1538 891 1582 esse
911 1520 1062 1583 Romani

115 1615 264 1696 imperii,
280 1616 505 1678 communiter
522 1614 686 1693 dicentes,
702 1617 830 1682 ‘Vivat
846 1619 1059 1699 imperatrix,

116 1715 215 1778 vivat
227 1712 251 1778 l'
277 1713 411 1777 Deinde
427 1733 504 1776 cum
522 1715 628 1795 legati
642 1735 695 1791 ea,
712 1736 790 1798 quae
805 1716 898 1780 facta
912 1717 1061 1795 fuerant,

116 1813 182 1877 sub
205 1813 297 1876 omni
319 1813 540 1876 festinatione
565 1813 764 1895 imperatori
788 1834 848 1895 por
871 1815 988 1879 fideles
1010 1817 1062 1878 in-

115 1913 309 1976 ternuntios
330 1912 560 1988 intimassent,
582 1920 661 1994 post
682 1912 886 1976 Pascbalem
914 1915 1061 1977 solenni-

114 2018 223 2075 tatem
244 2010 338 2074 misit
352 2003 662 2093 ¹arcbiepiscopum
681 2012 921 2075 coloniensem
942 2020 977 2075 et
996 2012 1062 2075 Lo-

115 2110 229 2174 vauiae
250 2110 371 2174 ducem
399 2130 476 2173 cum
499 2110 650 2174 virorum
679 2112 842 2175 nobilium
867 2112 976 2174 multo
1003 2130 1061 2174 co·

117 2210 240 2273 mitatu
269 2210 304 2272 in
321 2208 498 2289 Angliam,
523 2211 581 2291 qui
604 2211 856 2292 imperatricem
884 2211 927 2274 ad
948 2211 1061 2292 ipsum

116 2307 302 2373 honorifice
325 2308 550 2389 perducentes
578 2311 832 2374 matrimonium
849 2306 924 2394 jam
947 2311 1063 2373 initia-

115 2417 190 2472 tum
213 2414 248 2470 et
264 2415 376 2470 ratum
398 2418 633 2493 procurarent,
655 2417 694 2474 ut
711 2411 747 2473 iu
768 2411 965 2491 cognitione
985 2429 1061 2473 car-

115 2507 187 2571 nali
202 2505 299 2570 tieret
315 2514 600 2571 consummatum.

129 2682 180 2745 Do
193 2689 307 2746 ornato
323 2681 462 2767 nuptiali
477 2682 687 2767 imperatricis
701 2693 728 2747 et
744 2682 841 2748 nobili
856 2693 1028 2768 apparata.

166 2806 252 2870 Erat
281 2813 396 2868 autem
423 2806 569 2868 istarum
602 2815 721 2870 tantus
752 2813 941 2888 apparatus
974 2825 1061 2888 nup·
1074 2823 1224 2911 pappum

113 2905 252 2982 tiarum,
272 2905 365 2986 quod
389 2906 489 2987 quasi
520 2907 633 2986 regias
656 2905 821 2968 excedere
846 2903 986 2968 divitias
1008 2883 1214 2967 vi-dbddt‘

113 3003 282 3083 debatur3
310 3023 389 3066 narn
416 3003 459 3067 ad
479 3005 589 3086 ipsius
608 3005 834 3086 imperatricis
857 3003 1058 3084 dignitatem
1074 2972 1176 3022 ''mm'‘

113 3102 283 3167 fabricata
305 3111 358 3166 est
375 3122 502 3166 corona
528 3122 631 3185 opere
659 3103 883 3167 subtilissimo
908 3123 952 3166 ex
976 3122 1061 3166 auro

114 3203 298 3284 purissimo
324 3210 359 3265 et
384 3203 529 3282 gemmis
559 3203 732 3284 pretiosis,
765 3203 799 3266 in
830 3222 898 3285 qua
934 3203 1061 3286 sculpti

113 3303 252 3366 luerunt
284 3320 381 3382 reges
415 3309 564 3382 quatuor
594 3300 787 3384 Anglorum
822 3311 992 3384 martyres
1026 3311 1061 3366 et

112 3401 338 3475 confessores,
366 3401 425 3481 qui
454 3419 476 3462 a
506 3420 586 3481 rege
611 3401 655 3464 ad
681 3422 753 3465 suae
779 3402 907 3465 sororis
937 3404 1060 3466 animae

113 3500 304 3564 custodiam
330 3506 413 3562 sunt
432 3500 628 3581 specialiter
649 3500 830 3581 assignati.
884 3499 926 3562 In
950 3521 1060 3564 annu·

112 3600 156 3663 lis
187 3598 355 3680 siquidem
387 3606 421 3661 et
449 3598 631 3661 monilibus
665 3601 778 3662 aureis
809 3618 885 3661 cum
916 3601 1061 3678 gemmis

110 3698 272 3780 pretiosis
292 3696 453 3761 decenter
470 3697 614 3773 ornatis,
630 3717 671 3760 ac
694 3697 828 3760 caeteris
851 3698 1061 3759 ornamentis

111 3798 265 3873 lubriciS,
291 3796 401 3878 peplis
423 3797 541 3859 sericis
569 3804 604 3859 et
628 3796 736 3871 lineis,
761 3802 796 3857 et
819 3795 919 3857 rebus
947 3797 1059 3858 consi·

111 3897 262 3971 milibus,
281 3915 358 3976 quae
376 3897 495 3958 oculos
512 3896 718 3957 intuentium
738 3903 772 3957 et
789 3895 921 3956 animos
940 3913 1060 3976 rapere

148 4097 380 4161 ‘Arelliepiscopam
404 4098 575 4147 Coloniam.
601 4098 729 4147 mandaret
740 4099 774 4147 ad
792 4099 965 4158 imperatorem
982 4096 1062 4145 dedu·

109 4170 225 4218 ‘Littera
241 4169 309 4229 regis
327 4168 516 4229 archiepiscopo
528 4168 576 4216 Co·
602 4168 707 4218 cendam
717 4164 738 4229 ;'
758 4169 861 4230 Rymer,
873 4168 890 4218 i.
902 4182 928 4228 p.
940 4171 997 4219 22⁵.

109 4239 226 4301 loniensi,
248 4237 317 4300 quod
338 4252 447 4287 sororem
467 4237 491 4294 ei
511 4251 577 4286 com-
