2978 4996
478 457 618 507 ruouus
642 457 912 508 nrsroumunu.
1105 444 1171 509 279

218 614 462 691 thesaurarius,
494 615 602 698 Hugo
633 617 747 697 Bigod
779 636 894 680 comes
923 617 966 679 de
991 615 1166 694 Nortsolc,
1184 628 1306 669 A·1>·¹²³³·

216 713 413 777 Willelmus
442 734 558 779 comes
589 715 865 793 saresbiriensis,
895 715 1092 780 Willelmus
1123 718 1166 782 de

217 812 471 895 Bello-campo,
486 813 682 878 Willelmus
712 815 756 877 de
778 813 946 878 Albeneio
971 814 1102 896 junior,
1131 825 1166 881 et

216 911 276 975 alii
305 913 417 988 multi,
448 913 509 994 qui
544 911 627 974 nudi
657 913 829 992 fugientes
856 913 972 976 omnia
998 933 1076 994 quae
1101 934 1166 978 sua

215 1017 316 1074 eraut
345 1011 558 1089 amiserunt3
587 1010 678 1073 uude
705 1011 834 1075 sactum
857 1019 922 1086 est,
945 1012 1036 1092 quod
1065 1013 1164 1077 multi

215 1107 258 1172 de
281 1107 437 1173 exercitu
460 1109 563 1189 regis,
589 1116 624 1171 et
647 1108 697 1172 illi
724 1109 897 1190 praecipue
919 1111 979 1191 qui
999 1129 1106 1191 equos
1129 1121 1164 1176 et

214 1224 311 1270 arma
328 1215 363 1270 et
374 1207 555 1288 pecuniam
572 1207 758 1270 amiserant
773 1206 982 1284 universam,
1000 1210 1162 1273 receden-

214 1310 267 1367 tes
290 1324 369 1368 cum
389 1307 542 1369 maxima
563 1305 763 1369 confusione
785 1305 830 1370 ad
851 1308 992 1389 propria
1013 1317 1095 1371 suut
1110 1329 1163 1372 re-

214 1404 317 1467 versi.
368 1403 468 1468 'l'unc
495 1424 569 1479 rex,
596 1405 655 1485 qui
681 1405 782 1485 quasi
804 1404 900 1468 solus
928 1406 1019 1470 inter
1043 1406 1161 1471 hostes

214 1511 438 1579 remanserat,
467 1504 584 1585 posuit
611 1503 646 1565 in
672 1504 796 1566 castris
821 1502 961 1567 Walliae
985 1506 1160 1586 ruptarios

214 1599 452 1678 Pictavenses‚
474 1603 536 1683 qui
558 1602 725 1681 impetum
754 1602 979 1683 reprimerent
1004 1603 1158 1668 inimico·

213 1716 289 1761 rum
304 1717 458 1777 suorum,
480 1706 515 1762 et
532 1700 711 1764 coustituit
725 1699 896 1781 principes
919 1700 1012 1763 illius
1028 1702 1160 1767 militiae

211 1797 305 1861 viros
329 1798 474 1875 nobiles,
494 1797 518 1861 J
521 1798 691 1862 ohannem
714 1798 1014 1862 Mouomutensem
1032 1807 1068 1863 et
1086 1800 1160 1864 Ra·

210 1894 377 1977 dulphum
398 1897 443 1960 de
461 1895 630 1973 Tboenio,
653 1897 708 1960 cui
730 1897 835 1959 etiam
856 1896 951 1960 dedit
978 1898 1158 1962 castellum

213 1992 383 2071 Matildis,
402 1996 493 2078 quod
510 1996 703 2077 antiquitus
726 1995 780 2058 sui
797 1994 888 2076 juris
911 2001 1006 2072 erat3
1038 2003 1084 2070 et,
1104 1995 1158 2058 his

210 2092 261 2157 ita
285 2094 406 2173 gestis,
436 2113 498 2158 rex
531 2095 622 2176 apud
654 2093 878 2158 Gloverniam
909 2112 1066 2156 reversus
1093 2100 1158 2157 est.

211 2190 343 2255 Eodem
362 2198 527 2274 tempore,
548 2194 584 2256 in
606 2192 775 2275 principio
794 2192 921 2255 mensis
943 2190 1158 2268 Novembris,

210 2289 330 2354 audita
371 2299 453 2355 sunt
490 2292 644 2355 tonitrua
685 2290 865 2354 horribiles
903 2291 1159 2354 coruscationes

211 2388 405 2453 emittentia
431 2409 493 2471 per
516 2391 590 2453 dies
610 2389 798 2471 plurimos;
827 2389 918 2452 unde
934 2389 1001 2452 diei
1021 2390 1110 2454 solet
1123 2390 1159 2452 in

210 2488 354 2570 antiquo
388 2490 594 2553 rusticorum
623 2489 814 2571 proverbio,
838 2488 920 2570 quia
947 2488 1068 2551 mulier
1092 2508 1160 2551 non

209 2586 313 2650 debet
331 2587 450 2667 lugere
466 2596 611 2651 mortem
629 2588 744 2650 mariti
766 2587 819 2651 vel
843 2586 990 2649 filiorum
1006 2605 1159 2663 suorum,

209 2684 271 2749 sed
298 2686 464 2749 tonitrum
486 2686 602 2768 potius
633 2685 802 2767 hyemale,
834 2684 916 2765 quia
939 2703 1074 2765 semper
1098 2692 1160 2748 aut

209 2783 335 2849 samem
361 2790 422 2847 aut
444 2785 688 2849 mortalitatem
706 2786 760 2849 vel
783 2783 854 2847 tale
876 2782 1007 2863 aliquid
1030 2783 1160 2846 denun-

210 2883 275 2949 tiat
289 2883 499 2947 adfuturum.

270 3055 320 3119 De
334 3056 429 3140 proci
443 3056 586 3138 conflictu
600 3057 683 3118 inter
699 3051 924 3117 Marescollum
939 3060 967 3114 et
985 3045 993 3080 ¹
997 3058 1097 3136 pentes

570 3153 813 3217 trousncriaos.

261 3277 392 3341 Eodem
415 3286 581 3360 tempore,
603 3297 680 3340 cnm
704 3295 819 3340 comes
843 3274 1070 3339 Marescallns
1093 3280 1162 3336 ter·
1174 3288 1264 3328 mem
1175 3288 1271 3377 mxli

212 3393 270 3438 ras
295 3374 445 3439 hostium
472 3396 612 3440 suorum
632 3377 809 3456 ingressus
831 3374 966 3455 praedas
988 3379 1107 3454 ageret
1128 3349 1238 3476 θῐΞΞἿιο
1247 3386 1290 3436 rn-

212 3482 368 3537 armenta
406 3474 639 3551 contraheret,
667 3475 763 3538 venit
802 3491 885 3536 casu
922 3471 965 3534 ad
999 3448 1185 3553 oppidum'
1176 3449 1275 3575 riiffl
1214 3437 1309 3524 ‘hiis

214 3571 489 3647 Monemutense,
524 3573 617 3655 quod
649 3581 725 3636 erat
752 3572 818 3636 sibi
851 3570 1073 3644 contrarium,
1103 3568 1163 3630 ubi

207 3669 335 3753 jubens
357 3672 544 3736 exercitum
570 3691 669 3735 suum
692 3669 877 3752 procedere
902 3666 945 3730 ad
972 3665 1164 3747 expeditio·

212 3788 290 3833 nem
308 3769 519 3846 inchoatam,
539 3790 619 3833 cum
638 3776 775 3833 centnm
798 3767 902 3831 sociis
923 3765 1096 3846 equitibus
1120 3764 1164 3826 ad

213 3868 396 3932 castellum
434 3869 588 3944 divertit,
624 3876 665 3932 ut
700 3868 806 3930 sitnm
840 3865 916 3948 ejus
954 3863 1164 3944 exploraret,

211 3966 303 4049 quod
338 3975 419 4049 post
448 3967 523 4031 dies
547 3984 677 4048 pancos
700 3964 880 4047 proposuit
899 3962 1080 4039 obsidere3
1106 3959 1165 4041 qui

246 4146 357 4198 'Gentes
377 4147 589 4210 transmarinas]
622 4148 769 4198 ‘Gentibus
788 4140 972 4196 emmanue
992 4143 1018 4191 iu
1036 4141 1104 4205 MS,
1120 4140 1167 4189 but

210 4218 318 4269 marked
331 4217 370 4267 ior
381 4218 528 4268 correction.
