2978 4996
381 459 425 522 26
635 471 770 520 euentu
795 472 842 519 nn
866 469 1072 519 wnunovnn

219 646 344 686 uonna
383 629 497 692 cibum
520 635 681 704 sumeret,
698 628 743 691 ad
761 647 877 709 regem
901 647 1061 692 reversus
1084 628 1203 692 retulit
1218 648 1335 693 coram

383 727 500 808 legato
522 727 639 790 omnia
660 746 738 810 qnae
772 728 980 802 acciderant,
1004 728 1064 810 qui
1095 729 1228 809 gratias
1256 728 1334 794 Deo

383 846 461 890 cum
487 826 673 911 lachrymis
703 833 848 908 agentes
878 826 996 890 fletum
1022 827 1125 891 citius
1154 835 1335 892 converte-

383 932 465 988 runt
491 925 526 988 in
559 925 677 989 risum.
748 926 854 989 Mane
888 932 1004 990 autem
1036 927 1141 1003 sacto,
1163 937 1335 992 venerunt

385 1024 495 1088 nuntii
519 1025 563 1087 ad
587 1043 714 1106 regern,
736 1025 795 1107 qui
816 1024 991 1101 dixerunt,
1011 1026 1137 1089 milites
1162 1026 1206 1090 de
1229 1027 1335 1090 Mun-

383 1123 473 1187 sorel
495 1130 648 1187 castrum
670 1123 851 1205 reliquisse
874 1132 910 1187 et
932 1123 1128 1205 aufugisse;
1156 1126 1248 1190 unde
1270 1146 1334 1190 rex

383 1222 577 1287 vicecomiti
598 1223 641 1285 de
666 1221 882 1303 Notingham
905 1222 1000 1287 dedit
1016 1223 1052 1286 in
1075 1225 1259 1302 mandatis,
1281 1235 1333 1302 ut,

382 1321 611 1404 personaliter
644 1321 811 1384 accedens
844 1321 889 1385 ad
921 1321 1115 1400 castellum,
1137 1322 1223 1388 illud
1250 1324 1333 1388 sub·

383 1426 534 1483 verteret
551 1438 592 1483 ac
609 1421 748 1502 penitus
769 1421 1017 1504 complanaret.

465 1591 606 1677 Defapo
622 1589 770 1656 baronum
784 1599 812 1656 et
825 1591 1026 1656 Praeconem
1038 1613 1060 1657 o
1074 1591 1253 1657 Leoeolat'a.

221 1731 372 1822 {ssfflssff‘h‘
435 1715 635 1792 Interfecto,
662 1721 702 1779 ut
723 1714 852 1779 dictum
884 1722 949 1793 est,
977 1716 1103 1780 comite
1128 1715 1333 1793 Perticensi,

305 1809 311 1820 '
383 1815 535 1879 inierunt
556 1813 676 1895 fugam
701 1833 832 1890 omnes,
856 1821 927 1878 tam
951 1815 1085 1897 equites
1107 1833 1213 1898 quam
1234 1815 1332 1897 pedi·

383 1922 448 1991 tes,
478 1932 598 1977 versus
632 1915 750 1977 urbem
782 1912 1053 1992 Londoniarum,
1084 1933 1230 1996 quorum
1263 1915 1333 1996 pri-

383 2032 459 2077 mus
485 2020 561 2077 erat
580 2012 833 2077 Mareschallus
857 2012 1015 2076 Franciae
1040 2032 1118 2077 cum
1140 2012 1331 2078 castellano

382 2112 426 2175 de
453 2111 563 2176 Arras
593 2119 628 2176 et
654 2110 849 2192 Galligenis
881 2110 1072 2191 universis3
1106 2118 1333 2176 veruntamen

383 2210 484 2275 multi
509 2231 554 2274 ex
571 2211 653 2286 illis,
678 2217 714 2274 et
738 2210 913 2292 praeeipue
941 2210 1074 2293 pedites
1103 2209 1174 2275 fere
1201 2228 1332 2286 omnes,

383 2309 556 2373 interlecti
577 2309 728 2384 fuerunt,
750 2315 936 2390 antequam
954 2310 997 2373 ad
1013 2309 1233 2374 Lodowicum
1257 2329 1332 2391 per·

383 2407 573 2483 venissent,
607 2408 766 2471 exierunt
798 2408 889 2471 enim
925 2409 975 2472 eis
1005 2410 1141 2473 obviarn
1176 2407 1332 2472 homines

384 2507 557 2583 villarum,
579 2526 642 2588 per
664 2526 751 2588 quas
773 2504 892 2587 fugam
915 2505 1082 2584 fecerunt,
1105 2526 1182 2572 cum
1204 2506 1331 2588 gladiis

383 2613 419 2669 et
443 2604 605 2681 fustibus,
628 2612 663 2669 et
685 2606 813 2669 multos
842 2605 955 2687 plagis
981 2607 1152 2688 impositis
1178 2625 1332 2689 pereme-

382 2710 476 2768 runt.
529 2705 661 2768 Milites
683 2724 821 2788 quoque
838 2705 975 2769 circiter
991 2704 1130 2769 ducenti
1150 2704 1195 2769 ad
1212 2706 1331 2770 urbem

383 2802 641 2868 Londoniarum
663 2805 842 2868 venientes
867 2802 1054 2868 Lodowico
1078 2823 1154 2867 sese
1179 2823 1332 2886 praesen·

383 2910 558 2981 taverunt,
590 2905 749 2968 luctuosa
779 2904 813 2967 ei
841 2903 969 2966 damna
1000 2903 1224 2982 nuntiantes3
1257 2905 1333 2986 qui·

381 3002 447 3065 bus
469 3002 544 3084 ipse
566 3002 812 3065 subsannando
838 3001 1049 3084 respondens
1072 3002 1134 3078 ait,
1157 3001 1247 3083 quod
1271 3023 1333 3084 per

381 3119 500 3162 eornm
527 3100 647 3181 sugam
677 3100 763 3164 socii
794 3118 910 3164 eorum
933 3101 1027 3183 capti
1051 3099 1203 3177 fuerunt,
1237 3102 1332 3183 quia,

382 3197 413 3261 si
438 3198 506 3280 ipsi
537 3199 572 3260 in
603 3197 723 3280 praelio
753 3200 1012 3276 remansissent,
1043 3207 1079 3264 et
1105 3219 1143 3264 se
1177 3199 1266 3264 sorte
1298 3211 1333 3266 et

383 3296 496 3360 socios
520 3316 602 3360 suos
629 3316 652 3361 a
684 3296 843 3380 captione
872 3307 907 3362 et
935 3299 1089 3380 periculo
1115 3299 1332 3364 liberassent.

385 3394 602 3460 Credendum
625 3402 678 3461 est
700 3396 818 3480 itaque
847 3396 1082 3461 confusionem
1105 3397 1194 3462 hanc
1218 3398 1333 3462 Lodo·

384 3495 472 3558 wico
495 3515 537 3560 ac
566 3497 753 3560 baronibus
778 3493 918 3578 Angliae
943 3497 1041 3579 justo
1066 3497 1133 3561 Dei
1166 3498 1333 3563 accidisse

380 3592 524 3677 judicio,
547 3595 619 3677 qui,
637 3595 710 3678 jam
731 3594 884 3678 fereper
905 3596 1079 3659 biennium
1101 3597 1138 3659 in
1160 3597 1334 3660 sententia

383 3694 750 3759 excommunicationis
780 3695 975 3772 inveterati,
1007 3696 1072 3759 nisi
1095 3715 1157 3778 per
1178 3695 1332 3760 divinam

383 3792 616 3874 plecterentur
649 3793 881 3870 severitatem,
917 3794 1071 3859 dicerent
1103 3794 1258 3860 homines
1296 3795 1332 3858 in

383 3892 544 3957 cordibus
567 3892 640 3956 suis
662 3891 769 3956 ‘Non
792 3899 844 3957 est
861 3892 981 3971 Deus,'
996 3902 1031 3957 et
1048 3895 1099 3957 sie
1115 3914 1183 3958 non
1200 3894 1332 3959 inveni·

383 3997 479 4055 retur
508 3992 567 4073 qui
599 3991 730 4057 faceret
755 3993 896 4070 bonum,
926 4012 988 4057 nec
1017 3994 1122 4058 etiam
1151 3992 1333 4075 usquead

383 4107 504 4151 vnum.
