2872 4994
240 145 307 209 ³24
492 160 625 208 nouum
647 160 696 207 on
717 159 925 208 wsunovnu

82 334 137 372 u·-
148 334 197 372 ω·
242 320 335 401 petis
350 318 395 381 ad
415 338 515 382 sn·
533 320 712 383 civitate·
732 317 929 399 praefinitas
943 317 1181 399 confugerunt

243 418 498 500 hesperum
521 427 579 482 est
602 417 742 499 quiden
765 435 827 479 απ
847 416 1036 480 eorundem
1056 416 1184 482 Roma·

243 537 364 581 uorum
385 519 486 580 nimis
503 517 671 580 adversus
684 516 860 579 minum
882 534 1025 598 papam,
1046 517 1132 599 quia
1152 517 1185 580 in

242 618 303 679 illo
319 617 480 680 conflictu
497 617 540 678 de
553 617 695 678 civitate
711 614 811 678 multi
828 614 961 678 nobiles
969 625 1185 680 mmerunt

243 716 395 779 Duravit
409 717 469 778 diu
489 718 557 778 ista
574 715 741 777 dissensio
760 715 851 776 inter
869 732 943 788 eos,
959 715 1023 776 sod
1038 714 1187 778 Romani

242 828 358 878 tamen
372 818 467 877 cives
478 833 612 895 semper
624 813 736 876 aleam
756 812 881 876 hlurtis
896 813 962 875 sibi
975 815 1185 876 contrariam

241 915 460 977 invenerunt.
512 913 640 976 Eodem
658 924 812 993 tempone
825 912 911 974 obiit
929 911 1040 992 Hugo
1058 913 1185 988 Foliot,

243 1012 508 1075 Heresordensis
531 1014 690 1085 antistes,
715 1020 753 1074 et
777 1011 945 1073 successit
966 1011 998 1073 ei
1021 1013 1188 1093 magister

244 1111 449 1191 Radulphus
477 1112 520 1173 de
543 1111 796 1183 llaidenestan,
817 1110 870 1171 vir
896 1110 931 1171 in
956 1109 1085 1172 literali
1106 1110 1185 1174 doc·

241 1210 332 1270 uina
359 1211 524 1283 famosus,
546 1212 605 1290 qui
632 1211 678 1272 ah
704 1207 917 1282 Endmuudo,
942 1207 1187 1272 cantuariensi

239 1308 511 1389 archiepiscopo,
525 1328 650 1370 munus
666 1308 933 1371 consecrationis
946 1308 1114 1390 suscepit.

249 1480 298 1544 De
312 1482 446 1558 Iudeis,
459 1483 515 1567 qui
526 1505 660 1567 puerant
676 1481 887 1547 manua
902 1481 1171 1545 circumderunt.

290 1607 394 1670 Anno
417 1608 557 1670 Domini
581 1623 777 1670 uccxm.
799 1626 860 1669 rex
876 1605 1068 1685 Anglorum
1087 1605 1185 1669 Hen-

240 1707 330 1769 rieus
347 1728 440 1770 anno
461 1708 558 1786 tegni
580 1708 635 1768 sui
655 1705 789 1769 decimo
810 1725 900 1768 nono
921 1705 965 1767 ad
984 1704 1114 1768 Natala
1136 1714 1185 1768 te-

240 1808 315 1868 nuit
334 1809 463 1869 euriam
487 1825 585 1866 suam
606 1805 699 1886 apud
716 1804 1076 1880 Westmonasterium,
1098 1824 1184 1886 pra>-

237 1905 392 1966 sentibus
417 1905 588 1984 episcopis
611 1913 648 1967 et
671 1904 882 1986 plincipihus
909 1903 1028 1983 regui3
1064 1912 1100 1966 et
1125 1923 1183 1967 eo·

237 2001 314 2063 dem
337 2013 491 2083 tempore
512 2012 645 2083 septem
665 2001 781 2066 Judaei
803 2001 943 2064 adducti
963 2010 1047 2065 sunt
1067 2021 1184 2065 coram

238 2119 319 2178 rege
334 2102 427 2180 apud
441 2100 800 2176 westmonasterium,
813 2100 873 2184 qui
890 2101 926 2162 iu
941 2100 976 2163 N
977 2101 1105 2164 orwico
1120 2120 1184 2182 pu·

236 2218 332 2260 erum
351 2199 535 2280 quendam,
553 2219 656 2281 quem
676 2200 828 2264 furatum
842 2201 916 2283 jam
936 2219 1141 2281 perannum
1160 2220 1182 2263 a

236 2309 424 2379 conspectu
448 2298 722 2362 Christianorum
751 2299 1015 2374 absconderant,
1037 2299 1182 2362 circum·

236 2396 401 2470 ciderunt,
420 2392 593 2460 ¹uolentes
610 2418 688 2461 eum
707 2399 905 2479 crucifigere
923 2398 958 2460 iu
975 2396 1183 2463 solennitate

237 2496 423 2574 Paschali3
449 2497 509 2560 sed
534 2516 639 2578 super
659 2496 725 2561 hoc
746 2497 839 2561 facto
860 2496 1009 2560 convicti
1034 2496 1072 2558 in
1090 2498 1183 2578 regis

238 2596 422 2676 praesentia
445 2596 593 2658 confessi
614 2605 696 2660 sunt
716 2598 766 2660 rei
792 2597 982 2670 veritatem,
1004 2596 1111 2658 etsie
1135 2597 1180 2660 de

238 2697 309 2758 vita
330 2715 394 2757 sua
415 2704 449 2758 et
467 2695 628 2757 memhris
650 2696 687 2757 in
705 2696 814 2776 ipsius
829 2695 1006 2758 voluntate
1024 2695 1090 2758 suh
1104 2714 1182 2758 car-

236 2795 340 2857 cerali
371 2795 529 2857 custodia
564 2803 809 2858 remanserunt.
862 2793 991 2857 Eodem
1028 2800 1184 2876 tempore

235 2894 320 2954 obiit
355 2893 475 2972 Hugo,
516 2893 765 2956 Linoolniensis
797 2894 992 2974 episcopus,
1027 2896 1181 2957 omnium

235 2991 384 3051 virorum
407 2992 643 3069 religiosorum
664 2993 832 3067 inimicus,
850 2993 997 3074 septimo
1018 2992 1095 3055 idus
1113 2993 1182 3058 Fe·

235 3089 375 3163 hruarii,
398 3098 433 3151 et
457 3091 614 3171 sepultus
636 3098 689 3153 est
711 3091 802 3172 apud
826 3091 1040 3155 Lincoluiam
1063 3093 1099 3155 in
1121 3113 1179 3156 ec·

233 3188 338 3249 clesia
356 3188 543 3251 cathedrali
568 3197 693 3269 quarto
718 3190 794 3251 idus
821 3190 998 3271 ejusdem3
1022 3191 1077 3252 cui
1099 3211 1178 3255 suc·

232 3289 336 3351 cessit
370 3288 535 3367 magister
567 3286 742 3350 Robertus
776 3288 1005 3361 Grosseteste,
1040 3290 1094 3351 vir
1118 3290 1181 3354 ho·

267 3486 397 3533 'l'olenles
423 3501 476 3533 eun
500 3485 651 3548 “mitiget-e.
674 3484 768 3545 ]'was
784 3486 849 3533 done
868 3490 895 3533 at
911 3485 1025 3545 Lineoln,
1042 3487 1115 3536 when
1133 3490 1178 3540 the

230 3552 371 3601 llolinshed
384 3556 474 3602 relates
485 3555 527 3602 the
538 3569 607 3602 same
618 3555 689 3617 thing
713 3557 781 3614 Jew,
793 3556 818 3601 in
831 3555 916 3603 whose
929 3555 1006 3603 house
1018 3556 1059 3604 the
1072 3558 1138 3620 body
1151 3560 1182 3608 οἱ

227 3623 256 3668 ol
280 3624 356 3679 them,
380 3639 409 3671 as
433 3625 578 3686 happening
599 3625 625 3672 in
647 3624 689 3673 the
714 3625 755 3672 the
772 3625 856 3672 victim
874 3639 928 3672 was
944 3624 1100 3687 discovered,
1116 3644 1178 3677 con.

226 3706 295 3739 same
312 3699 379 3738 town
397 3694 421 3739 iu
440 3697 519 3753 11t53
544 3694 618 3742 Paria
635 3695 689 3742 also
713 3694 795 3741 feased
825 3693 879 3740 that
906 3695 995 3741 almost
1016 3710 1093 3756 every
1113 3713 1176 3758 year

226 3774 294 3818 says,
302 3761 355 3808 thal
368 3760 501 3810 lourJews
511 3778 578 3831 wege
588 3763 687 3824 hunged
699 3728 703 3861 ἔ
713 3764 772 3824 they
784 3763 914 3811 sacrifieed
925 3777 941 3811 a
952 3764 1020 3811 child
1038 3765 1063 3812 iu
1079 3780 1096 3812 a
1106 3768 1177 3817 simi·

225 3828 249 3872 in
263 3829 383 3876 Norwich
402 3831 440 3879 lor
452 3832 494 3880 the
509 3847 578 3880 same
593 3831 688 3880 oll'enoe
699 3880 702 3905 Ι
713 3834 751 3880 lar
763 3847 865 3881 manner
873 3827 887 3888 3'
903 3833 1010 3894 hrrell,
1021 3834 1049 3881 ii.
1062 3850 1087 3894 p.
1096 3839 1155 3888 972.

224 3895 248 3940 in
260 3899 331 3945 lato.
367 3899 398 3946 Iu
409 3904 469 3948 12⁵5
482 3900 524 3949 the
536 3915 605 3949 same
616 3900 688 3962 thing
699 3908 702 3937 l
