2978 4996
277 440 280 445 ⁴
356 472 496 521 neonus
520 471 791 531 ursuoumauu.
974 454 1036 520 3³1

90 626 238 712 proiecti
267 627 555 709 praedicaverunt,
579 628 707 709 ubique
734 628 885 691 Domino
915 648 1040 711 coope·
1054 648 1110 688 au.
1123 649 1178 687 1²³⁵·

90 734 192 791 rante
210 735 245 790 et
260 747 451 791 sermonem
472 726 696 790 confirmante
724 727 947 810 sequentibus
970 730 1041 809 sig·

90 828 173 906 nis;
206 826 399 891 habuerunt
428 826 597 908 siquidem
632 846 675 889 ex
703 827 867 889 mandato
900 835 1040 909 aposto-

91 925 161 990 lico
183 926 436 1008 provinciarum
461 925 722 990 archidiaconos
745 934 779 990 et
796 925 958 1001 decanos,
981 929 1042 1008 qui

91 1025 130 1089 in
152 1025 239 1089 locis
266 1026 412 1106 singulis
440 1023 682 1108 parochianos
699 1025 793 1089 viros
816 1032 851 1087 et
868 1026 1041 1102 mulieres,

92 1125 278 1189 convenire
304 1124 473 1199 fecerunt,
495 1123 545 1187 ita
562 1130 602 1186 ut
618 1124 733 1186 nulius
756 1131 959 1200 remaneret,
977 1126 1041 1187 sub

92 1242 201 1306 poena
225 1224 468 1300 anathematis,
491 1223 574 1304 quin
595 1241 714 1286 eorum
741 1222 1042 1305 praedicationibus

94 1322 286 1386 interesset.

278 1489 476 1555 Miraculum
493 1489 530 1554 de
546 1489 674 1554 muliere
688 1500 854 1555 sustracto.

148 1616 305 1696 Contigit
322 1622 437 1678 autem
457 1614 522 1677 hoc
540 1632 645 1689 auno,
663 1616 766 1678 tertio
783 1615 861 1678 idus
879 1615 901 1678 J
905 1617 989 1692 unii,
1007 1617 1043 1680 in
1055 1637 1147 1688 [rogatui.

96 1715 183 1780 villa
198 1713 240 1777 de
259 1713 373 1790 Clare,
391 1714 449 1777 ubi
471 1714 638 1794 magister
654 1712 815 1793 Rogatus
833 1715 875 1777 de
892 1709 1045 1791 ¹Lawes,

98 1815 206 1878 frater
228 1812 368 1896 quidam
395 1812 437 1875 de
463 1812 582 1875 ordine
609 1812 795 1887 Minornm,
822 1833 885 1895 pro
908 1815 1045 1894 negotio

99 1914 212 1978 crucis
238 1912 457 1993 evangelium
489 1913 525 1974 in
552 1910 736 1974 Dominica
764 1911 976 1991 praedicavit,
1007 1924 1046 1976 ut

99 2011 222 2076 mulier
235 2011 393 2094 quoedam
411 2011 504 2074 omni
525 2011 752 2075 membrorum
771 2008 882 2073 officio
893 2011 968 2092 jam
985 2030 1047 2092 per

100 2111 285 2177 trienninm
307 2110 487 2187 destituta,
505 2129 645 2191 poenam
668 2116 825 2173 metuens
849 2129 1047 2172 excommu-

100 2210 297 2286 nicationis,
312 2228 460 2293 paucum
475 2209 567 2291 qnod
581 2209 701 2272 habuit
716 2218 897 2291 argentum
911 2208 1047 2273 cuidam

100 2310 177 2374 viro
193 2310 259 2373 sibi
277 2309 390 2372 vicino
407 2308 567 2383 contulit,
583 2308 642 2390 qui
662 2327 737 2371 eam
755 2309 791 2371 in
809 2309 959 2372 humeris
975 2311 1047 2372 suis

101 2409 145 2474 ad
172 2409 286 2472 locum
312 2408 568 2490 praedicationis
596 2415 772 2489 portaret3
802 2409 860 2472 ubi
886 2428 963 2472 cum
987 2430 1047 2490 ge·

101 2526 199 2572 mens
216 2509 350 2592 jaceret
367 2515 402 2570 et
417 2507 540 2587 lugens
563 2525 743 2588 quousque
760 2507 814 2570 vir
832 2508 901 2571 Dei
922 2509 1047 2589 praedi-

102 2608 273 2672 cationem
292 2606 546 2687 complevisset,
562 2615 676 2670 motus
693 2608 931 2687 compassione
945 2627 1049 2689 super

102 2706 288 2789 gemitibus
317 2705 480 2783 mulieris,
502 2725 607 2787 quam
630 2705 804 2786 lugentem
826 2706 943 2788 jacere
965 2725 1048 2769 con·

103 2807 233 2889 spexit,
259 2806 405 2868 accessit
427 2805 471 2868 ad
496 2824 571 2868 eam
593 2812 699 2886 atque
726 2822 866 2867 causam
894 2804 937 2867 ad
966 2805 1048 2886 quid

103 2904 187 2969 illuc
203 2906 353 2968 venisset
368 2904 559 2986 inquisivit.
605 2902 694 2981 Quae
708 2923 787 2966 cum
803 2903 944 2979 diceret,
958 2904 1049 2985 quod

105 3013 199 3068 metu
220 3004 584 3067 excommunicationis
601 3004 645 3067 ad
662 3003 774 3067 locum
797 3002 1052 3083 praedicationis

105 3103 222 3167 delata
240 3103 374 3178 fuisset,
390 3103 556 3185 praecepit
574 3110 613 3165 ut
635 3104 701 3166 iret
721 3103 758 3165 iu
782 3103 919 3165 domum
940 3122 1051 3179 suam,

107 3204 263 3267 nesciens
283 3200 375 3284 quod
397 3201 558 3265 membris
580 3203 739 3266 omnibus
763 3209 856 3266 esset
871 3201 1050 3266 dissoluta.

108 3302 176 3369 Sed
200 3322 277 3366 cum
301 3301 480 3365 adstantes
499 3302 601 3365 vicini
624 3300 699 3385 ejus
717 3310 938 3380 testarentur,
959 3303 1051 3384 qnod

108 3403 260 3466 omnium
283 3407 358 3463 erat
378 3420 442 3464 usu
461 3402 689 3464 membrorum
706 3402 781 3484 jam
808 3404 926 3485 elapso
948 3404 1051 3466 trien·

108 3503 167 3565 nio
193 3502 343 3583 privata,
365 3501 602 3581 interrogabat
618 3501 648 3563 si
670 3502 825 3564 crederet
839 3502 931 3582 quod
955 3501 1053 3565 Deus

109 3609 233 3684 potens
256 3607 332 3664 erat
346 3607 386 3663 ut
401 3601 479 3675 sibi,
498 3601 528 3663 si
543 3599 659 3676 vellet,
676 3599 833 3663 redderet
848 3600 1031 3663 sanitatem
1044 3620 1053 3677 3

109 3701 165 3764 cui
191 3701 263 3777 illa,
288 3698 435 3776 ‘Credo,
453 3698 614 3762 domine.'
664 3697 764 3760 Tunc
782 3698 835 3760 vir
851 3697 917 3759 Dei
938 3698 1055 3760 mulie-

109 3820 182 3863 rem
208 3801 300 3863 inter
315 3799 456 3862 brachia
477 3798 708 3881 complectens
726 3796 857 3859 levavit
874 3814 950 3858 eam
969 3796 1056 3858 fidu·

108 3899 246 3963 cialiter
274 3906 309 3962 et
332 3900 393 3975 ait,
421 3897 556 3961 ‘Sauet
581 3906 614 3961 te
638 3896 735 3959 Deus
766 3896 995 3979 omnipotens,
1021 3897 1057 3959 in

110 4018 213 4080 quem
229 3998 363 4062 credis.'
408 3998 466 4074 Et,
483 4018 560 4061 cum
579 3996 701 4059 mulier
715 3996 759 4059 ad
773 4016 890 4060 vocem
901 3996 1058 4079 jubentis

388 4198 393 4226 ¹
407 4200 515 4263 Leues]
532 4200 540 4227 ‘
555 4200 644 4249 lewes
667 4201 692 4248 in
707 4200 790 4249 l'uris.
