2978 4996
440 435 504 502 182
695 450 829 499 rosnat
854 451 901 498 nn
925 450 1132 498 wannovna

279 623 400 663 rnuaa
439 608 530 673 infra
552 607 618 671 hoc
642 626 791 690 sequens
814 607 1030 689 septennium
1058 605 1176 688 aliqua
1199 605 1308 669 visuri
1331 624 1389 669 su·

439 726 535 784 mus;
560 707 685 789 quibus
708 708 839 771 sivein
863 707 1021 782 veritate,
1044 704 1118 769 sive
1145 724 1206 785 per
1227 705 1389 768 similitu·

439 807 565 883 dinem,
587 806 640 868 his
665 807 774 870 literis
797 805 1105 869 astronomicorum
1127 823 1197 867 nou
1216 804 1388 868 immerito

439 906 626 987 poterimus
647 902 836 987 adaptare.'
887 903 954 968 Sed
973 902 1039 967 hoc
1056 903 1157 967 infra.

515 1079 667 1152 Quomodo
676 1100 767 1163 papa
786 1077 952 1162 Groporim
966 1074 1077 1140 bellum
1092 1075 1186 1139 mouit
1202 1083 1310 1138 contra

576 1178 787 1240 Romanorum
802 1177 1018 1261 imperatorem
1034 1173 1252 1239 Fredericum.

491 1300 592 1365 Circa
607 1301 680 1365 dies
695 1303 782 1366 istos
797 1320 888 1383 papa
904 1300 1108 1381 Gregorius,
1125 1300 1226 1363 nimis
1243 1300 1388 1364 moleste

439 1398 564 1476 serens,
583 1400 675 1482 quod
699 1401 936 1464 Romanorum
950 1401 1138 1482 imperator
1153 1399 1387 1462 excommuni-

438 1507 538 1562 catus
562 1507 598 1563 et
620 1499 756 1562 rebellis
783 1499 827 1562 ad
853 1506 979 1562 terram
1007 1504 1163 1562 sanctam
1187 1499 1385 1573 transierat,

439 1597 481 1660 de
496 1598 589 1660 illius
607 1598 812 1680 poenitentia
829 1604 865 1661 et
879 1597 1129 1673 satisfactione,
1145 1603 1185 1659 ut
1200 1595 1329 1661 rediret
1342 1596 1385 1660 ad

439 1695 593 1759 ecclesiae
619 1697 800 1773 unitatem,
823 1716 892 1760 non
914 1697 1132 1760 mediocriter
1155 1694 1384 1777 desperabat3

439 1793 591 1859 decrevit
614 1815 698 1877 ergo
723 1814 810 1871 eum,
839 1814 943 1877 quem
976 1803 1213 1858 contumacem
1242 1793 1329 1858 vidit
1351 1803 1386 1858 et

438 1893 611 1972 rebellem,
631 1888 690 1960 ¹ab
712 1895 882 1977 imperiali
904 1894 1044 1975 fastigio
1065 1892 1248 1974 depellere,
1271 1900 1311 1956 et·
1323 1893 1386 1957 ali-

439 2012 496 2055 um
529 1993 716 2076 quemlihet
742 1993 849 2056 lilium
882 1993 978 2075 pacis
1008 2001 1043 2057 et
1070 1992 1276 2057 obedientiae
1309 1991 1385 2057 loco

438 2092 514 2175 ejus
538 2093 737 2173 subrogare.
790 2091 871 2168 Sed,
895 2091 1059 2174 quoniam
1084 2090 1188 2174 hujus
1210 2092 1260 2154 rei
1285 2091 1386 2155 certi·

438 2190 521 2253 tudo
549 2191 648 2253 nohis
684 2209 751 2252 non
783 2191 849 2253 nisi
878 2211 941 2272 per
961 2191 1048 2254 alios
1073 2196 1233 2254 constare
1259 2191 1385 2271 potuit,

437 2307 604 2370 ponemus
630 2288 686 2352 hic
715 2288 833 2352 literas
857 2289 1001 2353 Thomae
1027 2289 1206 2373 cujusdam
1235 2290 1383 2364 comitis,

436 2406 538 2468 quem
558 2387 746 2467 imperator
763 2407 841 2450 cum
861 2389 1066 2470 quibusdam
1090 2388 1167 2451 aliis
1188 2388 1224 2451 in
1247 2406 1384 2451 recessu

435 2503 499 2547 suo
521 2486 655 2568 imperii
679 2494 827 2551 tutorem
851 2487 1033 2551 constituit
1050 2494 1086 2550 et
1100 2494 1281 2563 rectorem,
1297 2505 1383 2569 quas

435 2583 634 2665 imperatori
665 2605 769 2667 super
800 2585 864 2649 hoc
895 2587 1034 2666 negotio
1068 2587 1103 2648 in
1137 2585 1273 2668 Syriam
1308 2585 1385 2649 des-

435 2682 560 2748 tinavit
583 2693 619 2747 et
635 2705 722 2766 quas
740 2704 761 2747 a
781 2684 929 2766 quodam
948 2686 1162 2766 suscepimus
1179 2684 1383 2766 peregrino;

435 2782 764 2847 ‘Excellentissimo
792 2783 931 2847 domino
959 2783 1155 2859 FredericO,
1178 2784 1246 2846 Dei
1268 2784 1383 2865 gratia

435 2881 634 2963 imperatori
666 2881 902 2946 Romanorum
933 2890 968 2947 et
990 2901 1126 2965 semper
1155 2890 1319 2963 augusto,
1342 2902 1383 2947 ac

434 2979 626 3044 Siculorum
643 2982 716 3061 regi
733 2981 984 3063 potentissimo,
1005 2981 1171 3057 Thomas,
1188 3000 1304 3045 comes
1315 2980 1382 3046 At-

434 3080 622 3154 eranensis,
653 3098 737 3142 suus
767 3080 803 3143 in
830 3080 988 3144 omnibus
1017 3079 1127 3143 fidelis
1155 3099 1197 3144 ac
1223 3081 1382 3158 devotus,

434 3176 580 3239 salutem
602 3178 696 3241 etde
717 3177 872 3243 hostibus
890 3179 1115 3261 triumphare.
1168 3177 1255 3243 Post
1273 3199 1382 3258 reces-

434 3293 509 3335 sum
542 3283 708 3352 vestrum,
736 3277 872 3342 domine
908 3278 1210 3355 excellentissime,
1244 3278 1381 3360 Grego-

433 3373 518 3448 rius,
540 3374 697 3456 pontifex
714 3375 895 3440 Romanus
915 3386 950 3441 ct
971 3377 1235 3458 magnificentiae
1254 3386 1382 3442 vestrm

434 3469 544 3535 hostis
565 3474 735 3556 publicus,
747 3484 961 3557 congregato
978 3476 1131 3540 exercitu
1149 3476 1291 3557 copioso
1302 3470 1314 3507 ²
1320 3497 1381 3559 per

433 3568 456 3633 J
459 3571 629 3637 ohannem
643 3574 686 3637 de
699 3573 873 3651 Breisnes‚
889 3594 1004 3655 regem
1021 3574 1194 3657 quondam
1212 3574 1382 3641 Hieroso·

432 3668 613 3753 lymorum,
642 3679 677 3735 et
695 3673 782 3736 alios
805 3673 973 3756 quosdam
995 3674 1087 3738 viros
1112 3683 1273 3737 strenuos
1294 3694 1381 3756 quos

432 3770 564 3834 militiae
582 3791 654 3834 suae
673 3772 845 3854 principes
869 3773 1063 3849 constituit,
1083 3780 1211 3837 terram
1228 3781 1379 3837 vestram

430 3904 490 3912 —.

465 3970 526 4023 ιΔὸ
547 3976 670 4038 imperiali
682 3976 791 4038 fastigio
814 3977 892 4040 depel-
951 3973 1025 4025 ²Per
1041 3977 1177 4025 Johannem
1195 3978 1225 4025 de
1242 3978 1381 4044 aalma]

430 4043 512 4106 iera]
536 4045 658 4108 Compare
677 4046 814 4108 Rayualdi,
830 4051 891 4095 tom.
916 4046 1037 4096 ‘Ghesse
1058 4045 1172 4095 whether
1190 4045 1232 4095 his
1251 4048 1318 4109 plote
1334 4065 1379 4098 ran

429 4112 458 4160 ii.
470 4127 496 4173 p.
507 4116 532 4161 9.
916 4120 960 4163 not
988 4117 1038 4163 low
1063 4114 1137 4163 when
1164 4114 1196 4163 he
1223 4117 1288 4166 used
1316 4119 1378 4168 such

916 4185 992 4247 dregs
1001 4181 1019 4244 ς’
1038 4185 1108 4245 lioly
1119 4185 1218 4247 Warre,
1229 4200 1256 4247 p.
1271 4191 1327 4238 los.
