2978 4996
459 447 599 497 rnonns
622 448 892 498 nrsronrunuu.
1093 433 1159 500 257

209 602 303 668 iliius
325 603 477 683 licentia,
503 606 562 688 qni
588 606 682 670 illam
706 606 742 669 in
767 605 912 687 Templo
940 606 1156 670 commenda·
1169 621 1289 661 alatus

208 711 308 766 verat
326 705 577 768 reservandam.
645 704 695 768 At
718 724 791 782 rex,
816 705 898 786 quia
920 707 1066 785 pecunia
1088 726 1158 770 me·

208 808 344 866 morata
362 804 427 866 sub
446 803 660 886 protectione
676 802 831 866 ecciesiae
849 803 963 866 fuerat
978 803 1156 885 deputata,

209 918 278 963 non
309 901 430 966 babuit
455 903 636 966 consilium
666 910 706 965 nt
731 901 930 965 violentiam
959 901 1154 982 ingereret;

209 998 301 1062 unde
324 998 574 1064 thesaurarium
605 1001 710 1064 cnriae
737 1018 822 1076 suae,
851 1019 928 1062 cum
951 1000 1156 1082 justiciariis

210 1097 283 1160 suis
307 1097 351 1161 de
374 1099 559 1177 scaccario,
581 1100 674 1164 misit
697 1098 741 1162 ad
768 1098 976 1175 Hubertum,
1002 1100 1061 1181 qui
1080 1100 1156 1182 jam

211 1201 295 1259 tunc
326 1197 462 1261 eratin
492 1199 577 1261 turri
615 1197 825 1262 Londinensi
861 1198 1087 1279 compeditus,
1117 1206 1156 1262 ut

210 1294 393 1375 pecuniam
423 1297 605 1377 exigerent
626 1298 671 1360 ab
699 1316 740 1360 eo
770 1297 844 1377 regi
865 1316 910 1358 ex
936 1296 1073 1378 integro
1100 1317 1157 1360 as·

210 1392 427 1474 signandam.
480 1395 607 1459 Nuntii
635 1402 753 1460 autem
782 1393 938 1477 praedicti
965 1414 1042 1458 cum
1075 1395 1155 1458 Hu-

209 1489 308 1555 berto
326 1511 370 1555 ex
388 1499 487 1575 parte
509 1494 601 1575 regis
616 1494 701 1557 talia
719 1500 995 1575 praesentassent‚
1011 1513 1154 1575 respon-

208 1588 260 1653 dit
281 1591 458 1668 continno,
483 1592 576 1674 quod
602 1593 753 1674 seipsum
779 1598 814 1654 et
836 1609 900 1654 sua
924 1592 1041 1654 omnia
1063 1593 1154 1673 regis

209 1688 428 1753 submitteret
451 1690 635 1753 voluntati.
699 1689 870 1770 Praecepit
897 1709 991 1770 ergo,
1021 1697 1061 1753 nt
1086 1691 1155 1753 sra-

210 1792 280 1849 trcs
304 1787 435 1850 militiae
452 1786 590 1869 Templi
617 1788 733 1851 claves
757 1806 876 1850 omnes
898 1806 943 1849 ex
968 1795 1065 1868 parte
1090 1808 1154 1852 sua

209 1882 348 1948 domino
374 1904 439 1949 sno
469 1887 544 1967 regi
568 1891 830 1967 praesentarent,
852 1893 892 1947 ut
911 1885 954 1947 de
980 1887 1081 1948 rebus
1105 1887 1153 1950 ibi

210 1981 385 2065 deputatis
411 2002 509 2046 suam
538 1984 666 2048 iaceret
685 1983 927 2061 voluntatem
962 1983 1154 2063 quodcum

209 2079 339 2145 factum
360 2081 495 2159 suisset,
511 2082 620 2166 jussit
644 2101 706 2146 rex
728 2082 909 2163 pecuniam
929 2080 1024 2143 illam
1047 2081 1155 2145 fideli·

209 2186 262 2243 ter
279 2187 494 2244 numeratam
514 2180 550 2243 in
571 2200 634 2244 suo
655 2181 776 2261 reponi
792 2179 967 2255 thesauro,
985 2187 1021 2243 et
1041 2200 1154 2243 rerum

210 2277 361 2341 omnium
383 2279 601 2343 inventarum
622 2298 789 2342 summam
807 2279 1024 2360 inscriptum
1046 2279 1155 2360 redigi

210 2384 245 2439 et
263 2396 337 2440 snae
362 2378 556 2459 praesentiae
577 2377 743 2441 exhiberi.
805 2377 1017 2441 Invenerunt
1039 2386 1155 2441 autem

210 2473 326 2539 cleriei
363 2477 455 2557 regis
490 2484 526 2539 et
557 2475 791 2539 thesaurarius
828 2494 905 2540 cum
940 2477 989 2538 eis
1023 2477 1059 2538 in
1093 2477 1154 2540 illo

210 2570 368 2655 deposito
390 2581 469 2638 octo
495 2574 603 2637 millia
631 2575 735 2637 libras
761 2575 897 2655 argenti
920 2574 1059 2655 optimae
1082 2596 1155 2638 mo-

211 2677 310 2748 netae,
339 2673 468 2754 septies
493 2673 615 2754 viginti
638 2691 745 2753 cupas
768 2690 891 2735 aureas
914 2679 949 2734 et
971 2680 1154 2752 argenteas

210 2768 295 2833 bene
317 2768 513 2848 deauratas,
535 2788 613 2834 cum
632 2778 732 2834 tanta
751 2771 977 2851 pretiosorum
1000 2768 1153 2851 lapidum

211 2885 253 2930 ac
282 2868 463 2932 nobilitate
493 2887 718 2950 gemmarum,
745 2868 836 2950 qnod
865 2867 1009 2948 pretium
1041 2886 1154 2930 rerum

211 2965 360 3029 omnium
376 2967 606 3043 inventarum,
624 2973 664 3030 nt
674 2966 811 3041 dicitur,
825 2964 1050 3029 excedebant.
1086 2965 1154 3028 His

211 3062 328 3145 itaque
347 3063 547 3146 divulgatio,
562 3072 731 3129 venerunt
744 3064 787 3127 ad
803 3083 917 3145 regem
930 3063 1081 3146 quidam,
1095 3065 1154 3146 qui

213 3159 410 3225 Hubertum
439 3165 599 3244 persequi
629 3182 698 3226 non
727 3164 922 3238 cessabant,
951 3171 1154 3227 accusantes

211 3276 288 3322 enm
306 3267 342 3323 et
356 3260 520 3339 dicenteS,
537 3261 628 3343 quod
647 3280 738 3323 nunc
756 3261 798 3324 de
813 3261 906 3324 furto
922 3261 1101 3325 convictus
1119 3269 1155 3324 et
1236 3307 1241 3322 .

211 3355 331 3421 bande
348 3357 472 3439 dignus
489 3367 564 3424 erat
577 3366 687 3423 morte
699 3359 899 3440 turpissima
913 3359 1132 3423 condemnari
1145 3381 1153 3437 ;
1275 3377 1277 3382 ’

211 3456 335 3537 quibus
349 3476 411 3520 rex
430 3457 618 3540 respondit,
636 3456 841 3521 ‘Hubertns
858 3476 879 3519 a
896 3458 1044 3538 pueritia
1058 3459 1154 3540 prius

210 3554 383 3618 avunculo
404 3575 481 3619 meo
501 3556 575 3638 regi
597 3555 785 3631 Richardo,
805 3563 841 3618 et
857 3563 980 3636 postea
1000 3556 1074 3634 regi
1091 3555 1114 3616 J
1117 3574 1154 3617 o·

210 3648 315 3714 hanni
340 3655 433 3737 patri
461 3673 549 3730 meo,
577 3653 662 3717 satis
687 3653 831 3716 servivit
852 3652 1008 3728 fideliter,
1031 3659 1071 3714 ut
1093 3670 1155 3713 au·

211 3747 294 3826 divi,
313 3751 386 3830 qui,
403 3753 433 3814 si
450 3759 572 3816 contra
586 3771 641 3815 me
657 3751 747 3813 male
762 3750 884 3830 egerit,
902 3766 1078 3831 nunquam
1093 3768 1156 3830 per

210 3864 264 3909 me
290 3848 409 3930 iniqua
430 3857 540 3913 morte
564 3851 751 3926 morietnr;
773 3847 875 3910 malo
904 3846 994 3909 enim
1017 3866 1080 3910 rex
1103 3846 1155 3909 sa-

209 3949 291 4007 tuns
313 3949 467 4028 reputari
489 3967 530 4011 ac
553 3948 727 4022 remissus,
750 3964 854 4027 quam
877 3944 1025 4008 crudelis
1047 3952 1083 4008 et
1100 3951 1156 4029 ty·

208 4059 339 4106 rannus
355 4043 375 4122 ;’
400 4053 447 4122 et,
464 4044 518 4109 his
536 4045 649 4122 dictis,
667 4044 838 4108 concessit
856 4042 1015 4106 Huberto
1038 4062 1155 4106 ornnes

211 4145 334 4217 terras,
354 4161 442 4224 quas
462 4164 507 4207 ex
523 4145 613 4207 dono
636 4144 746 4225 patris
771 4143 825 4207 sui
841 4142 898 4207 vel
920 4161 963 4205 ex
983 4142 1156 4223 emptione

259 4254 340 4303 von.
359 4256 407 4304 iv.
987 4256 1005 4304 s
