2978 4996
307 392 372 459 112
557 408 692 456 noonnr
716 408 764 455 nn
787 406 993 456 wennovnn

145 575 269 665 i'D'riff
301 561 443 646 juvenis
472 561 508 624 in
535 561 814 643 concupiscentie
844 561 1000 642 virginis,
1031 569 1066 625 et
1088 561 1256 625 accedens

164 636 202 675 ⁸⁸⁸
307 661 352 723 ad
379 680 454 723 eum
479 660 521 722 de
552 679 720 723 consensu
748 660 879 723 carnali
904 659 1055 741 puellam
1082 661 1255 725 convenit.

307 758 388 834 Illa,
410 765 581 835 econtra,
599 758 720 840 juveni
742 765 943 821 constanter
964 758 1056 839 quod
1076 758 1177 839 petiit
1196 759 1256 821 de-

306 875 439 937 negans
460 855 642 919 affirmavit
659 876 697 919 se
714 856 949 937 virginitatem
969 875 1068 920 suam
1085 856 1130 918 ab
1149 864 1255 920 aetate

306 963 425 1018 tenera
455 955 606 1018 Domino
635 973 881 1032 consecrasse3
915 961 950 1018 et
972 963 1153 1036 praeterea,
1175 975 1254 1018 cum

307 1061 388 1117 voto
416 1072 489 1116 suae
518 1053 695 1134 religionis
721 1058 757 1115 et
784 1052 913 1115 ordinis
943 1054 1088 1116 castitas
1119 1053 1167 1116 sit
1194 1053 1255 1117 ad-

307 1170 409 1228 nexa,
424 1159 542 1215 votum
566 1151 753 1231 infringere
769 1168 844 1213 esse
866 1150 1033 1214 nefarium
1052 1152 1227 1215 asserebat
1243 1171 1253 1231 ς

307 1249 417 1313 ethis
446 1250 548 1313 dictis
573 1249 725 1324 recessit,
751 1256 791 1312 ut
810 1255 1014 1312 nocturnam
1040 1256 1179 1332 caperet
1201 1269 1255 1313 re-

307 1349 434 1428 quiem,
456 1347 516 1410 ubi
540 1348 576 1410 in
603 1346 752 1428 quodam
778 1346 928 1410 domatis
954 1346 1082 1429 angulo
1108 1355 1253 1411 mattam

307 1446 372 1508 sub
407 1463 445 1507 se
481 1465 545 1528 pro
584 1452 709 1521 stratu,
747 1451 783 1508 et
814 1463 939 1509 saxum
979 1465 1042 1527 pro
1078 1445 1252 1522 cervicali,

302 1542 411 1627 juxta
443 1545 498 1606 sui
528 1543 657 1607 ordinis
691 1543 852 1624 rigorem,
884 1544 991 1626 capiti
1022 1544 1252 1625 supponebat.

308 1641 408 1705 Tunc
423 1640 565 1725 juvenis
585 1641 656 1718 ille,
678 1641 829 1705 libidinis
854 1641 935 1722 igne
961 1659 1159 1718 succensus,
1179 1649 1252 1706 sta-

308 1741 376 1803 tuit
390 1740 650 1805 immutabiliter
668 1740 705 1802 in
724 1739 827 1802 corde
845 1759 921 1817 suo,
938 1739 1042 1820 quod,
1061 1741 1091 1802 si
1107 1738 1150 1802 de
1168 1740 1254 1803 libe-

308 1838 446 1902 ralitate
472 1858 493 1902 a
523 1838 640 1921 puella
668 1857 872 1902 consensum
902 1839 1057 1902 obtinere
1083 1839 1252 1920 nequiret,

308 1936 383 2020 ipse
402 1956 480 2000 cum
496 1956 538 2001 ea
560 1956 631 2000 rem
652 1944 772 2018 ageret
788 1936 967 2013 violenter,
993 1944 1029 2001 et
1046 1938 1187 2001 veniens
1210 1936 1254 2000 ad

308 2035 402 2099 illam
435 2037 607 2117 expressit
638 2035 670 2097 ei
704 2035 787 2116 quid
818 2034 932 2098 facere
963 2036 1151 2116 cogitabat.
1204 2033 1255 2099 At

309 2131 451 2196 foemina
479 2134 643 2214 religiosa
670 2131 706 2193 in
734 2134 880 2215 angaria
910 2134 1035 2196 mentis
1064 2134 1255 2199 constituta

309 2232 485 2295 metuebat
514 2230 699 2312 plurimum
728 2249 772 2293 ne
803 2231 879 2314 ejus
911 2233 1044 2313 puritas
1072 2232 1253 2313 virginalis

308 2347 371 2409 per
401 2328 558 2391 ardorem
588 2327 816 2392 adolescentis
846 2330 881 2392 in
911 2331 1027 2411 aliquo
1057 2329 1254 2407 loederetur,

309 2435 344 2490 et
373 2425 539 2489 reducens
575 2426 619 2489 ad
653 2434 802 2490 mentem
835 2429 927 2509 quod
965 2428 1030 2491 sibi
1061 2416 1097 2490 a
1114 2428 1253 2492 diabolo

308 2524 438 2587 dictum
472 2524 596 2600 iuerat,
626 2523 718 2606 quod
749 2524 909 2589 videlicet
937 2526 981 2588 ad
1021 2533 1142 2589 nutum
1177 2527 1254 2610 ejus

309 2621 472 2705 quicquid
510 2623 712 2704 praeciperet
746 2623 839 2687 illico
876 2623 1091 2704 adimpleret,
1128 2626 1256 2689 extulit

310 2740 429 2785 vocem
460 2729 496 2785 et
525 2722 627 2798 dixit,
657 2721 866 2798 ‘Diabole,'·
889 2723 1012 2804 inquit,
1050 2723 1135 2786 ‘ubi
1167 2743 1204 2786 es
1222 2724 1254 2787 l'

309 2818 357 2884 Et
377 2821 542 2885 continuo
566 2819 700 2884 doemon
730 2819 907 2902 respondit
929 2819 1059 2897 dicens,
1081 2819 1255 2899 ‘Adsum,

308 2918 458 2983 domina.
482 2916 576 2996 Quid
593 2919 656 2981 tibi
676 2918 791 2999 placet
804 2919 836 2981 l’
888 2918 934 2981 Et
949 2918 1077 3000 puella,
1100 2919 1254 2984 ‘Libera

309 3016 386 3093 me,'
413 3017 537 3097 inquit,
563 3017 658 3080 ‘cito
682 3034 703 3079 a
728 3016 897 3080 nebulone
924 3017 1004 3093 isto,
1033 3018 1093 3098 qui
1120 3037 1175 3080 me
1201 3019 1256 3081 in·

309 3114 454 3195 quietat,
470 3132 627 3176 somnum
644 3133 767 3196 capere
785 3134 853 3179 non
871 3115 1062 3197 permittit.'
1107 3116 1153 3179 Et
1171 3136 1254 3180 con·

309 3212 407 3275 tinuo
436 3212 570 3275 daemon
601 3212 765 3294 juvenem
804 3233 866 3295 per
904 3212 1008 3294 pedes
1042 3207 1280 3278 truculenter‘

308 3309 476 3391 arripiens
498 3328 567 3373 non
592 3311 667 3373 sine
692 3310 833 3375 loesione
854 3311 952 3374 illum
976 3311 1115 3392 longius
1142 3332 1165 3375 a
1189 3333 1253 3394 pu·

209 3456 212 3460 r
308 3406 376 3470 ella
408 3407 579 3489 projecit;
615 3410 734 3491 sicque
771 3417 825 3472 ter
854 3417 956 3473 nocte
991 3409 1065 3486 illa,
1098 3408 1254 3474 daemone

307 3513 527 3587 procurante,
551 3506 677 3570 dilecta
705 3507 781 3572 Deo
808 3508 925 3589 puella
950 3508 993 3570 ab
1024 3508 1255 3572 adolescentis

306 3605 428 3669 ardore
462 3605 608 3668 liberata
640 3606 675 3668 in
712 3607 864 3669 crastino
902 3606 1043 3670 recessit
1078 3607 1122 3670 ab
1158 3608 1254 3684 urbe,

305 3704 405 3768 salva
426 3704 491 3766 sibi
519 3703 688 3784 pudicitia
710 3703 882 3784 virginali.
950 3704 1005 3767 De
1027 3704 1092 3768 bac
1115 3724 1254 3789 quoque

304 3802 433 3883 puella,
451 3821 553 3885 quem
572 3801 675 3865 linem
697 3802 868 3878 babuerit,
886 3803 1049 3883 quoniam
1071 3803 1167 3867 nullo
1184 3813 1256 3868 tra·

305 3901 407 3965 dente
429 3901 588 3982 cognovi,
614 3919 758 3982 eaquae
786 3900 879 3964 dicta
910 3908 992 3965 sunt
1015 3901 1082 3984 piis
1111 3903 1253 3967 auribus

304 4007 340 4063 et
355 4001 568 4063 amatoribus
585 3997 758 4064 sufficiant
772 3999 957 4064 castitatis.
