2978 4996
372 429 511 477 uocans
535 429 804 477 ursronrlnuu.
999 415 1063 477 107

113 583 258 658 dowico,
303 582 516 646 Francorum
555 602 649 664 rege,
688 583 859 647 militabat
891 592 926 647 et
958 586 1064 648 maris
1076 598 1131 637 un·
1143 599 1199 637 1²²⁵·

114 682 246 746 insulas
274 681 458 744 nonnullas
486 700 564 744 curn
591 682 734 744 armatis
763 702 831 744 non
858 683 978 763 paucis
1005 684 1066 746 ob·

114 781 305 858 servabat3
341 778 440 861 cujus
477 779 546 841 duo
578 781 781 856 servientes,
813 781 872 861 qui
905 783 1064 844 comitem

114 880 215 961 plene
245 887 414 941 noverant
442 886 478 940 et
505 896 583 940 cum
611 877 689 940 aliis
716 878 834 941 multis
865 878 908 940 ad
936 879 1066 942 insula-

116 997 191 1040 rum
228 976 422 1040 custodiam
460 976 597 1038 fuerant
631 975 800 1057 deputati,
839 976 1066 1040 amicabiliter

115 1074 317 1138 accedentes
338 1074 382 1137 ad
407 1092 485 1136 eum
510 1085 694 1156 postquam
721 1073 954 1155 pertriduum
982 1074 1066 1137 deli·

115 1182 230 1237 tuerat
256 1173 393 1248 ibidem,
420 1172 596 1248 dixerunt,
626 1172 730 1253 quod,
754 1172 820 1235 nisi
847 1179 928 1235 ante
953 1172 1064 1236 lucem

115 1273 302 1336 crastinam
330 1272 374 1334 ab
398 1271 513 1333 insula
535 1270 721 1346 recederet,
747 1277 928 1351 caperetur
949 1289 971 1332 a
993 1269 1065 1333 suis

116 1369 304 1444 sodalibus,
327 1370 482 1450 quicum
506 1368 575 1431 illis
595 1369 727 1431 insulas
746 1376 783 1431 et
796 1369 901 1431 maris
923 1370 1065 1431 semitas

116 1469 359 1531 observabant.
412 1466 511 1529 Tunc
547 1485 673 1542 comes,
711 1466 802 1530 datis
835 1467 1065 1530 servientibus
1076 1482 1111 1522 m.
1120 1493 1194 1532 omre

116 1566 291 1647 praedictis
317 1565 439 1646 viginti
473 1565 569 1627 libris
594 1564 851 1645 sterlingorum,
881 1564 924 1627 ad
959 1534 1159 1628 naves²h⁰”⁰‘'

116 1664 274 1727 celeriter
318 1663 528 1739 convolavit,
572 1671 607 1726 et
643 1664 748 1725 maris
787 1682 863 1726 sese
903 1662 1066 1726 fluctibus

117 1762 360 1826 commendans
382 1763 453 1824 fere
476 1781 537 1843 per
559 1767 629 1824 tres
656 1779 790 1824 menses
822 1768 1007 1843 antequam
1031 1761 1066 1823 in

118 1859 282 1941 Angliam
309 1861 500 1942 applicaret
518 1860 609 1921 inter
634 1858 746 1921 undas
774 1860 958 1921 saevientes
986 1878 1068 1922 con-

118 1959 213 2022 tinue
232 1959 424 2022 laborabat.

124 2128 166 2193 Ut
176 2129 321 2215 mopiam
336 2128 412 2194 otto
417 2150 481 2213 pro
495 2126 623 2213 asporta
632 2125 752 2190 domim
759 2147 854 2211 pupae
870 2126 905 2190 iu
915 2126 1068 2212 Acyllam

530 2226 655 2289 cerwrit.

168 2348 299 2412 Eodem
315 2368 407 2412 anno
422 2349 589 2428 magister
601 2348 707 2424 Otho,
720 2348 850 2411 domini
864 2368 965 2431 papae
982 2369 1065 2412 nun·
1080 2368 1143 2433 otnq.
1153 2368 1191 2407 tue

119 2447 257 2522 tius,in
276 2446 440 2529 Angliam
468 2448 611 2510 veniens
637 2466 700 2528 pro
727 2447 864 2527 magnis
895 2441 1066 2512 ¹ecclesiae
1079 2417 1228 2538 ffh'iiff‘hm’

121 2543 289 2608 Romanae
316 2544 464 2626 negotiis
490 2546 565 2625 regi
587 2545 706 2607 literas
732 2547 979 2626 praesentavit3
1005 2547 1065 2609 sed
1080 2516 1186 2566 ΨΜ

119 2661 191 2718 rex,
218 2645 358 2724 cognito
387 2644 564 2706 literarum
596 2652 726 2719 tenore,
757 2643 946 2723 respoudit,
973 2645 1066 2725 quod

119 2741 214 2804 solus
239 2761 308 2804 non
330 2742 446 2823 potuit
465 2740 622 2817 diffinire,
643 2761 706 2804 nec
735 2740 864 2815 debuit,
889 2743 1065 2822 negotium

119 2839 210 2921 quod
235 2859 353 2903 omnes
377 2840 519 2903 clericos
543 2847 579 2902 et
600 2840 706 2901 laicos
730 2838 936 2918 generaliter
959 2840 1066 2901 totius

119 2938 217 3019 regni
236 2938 415 3019 tangebat.
467 2938 567 3001 Tunc
592 2957 654 3018 per
680 2936 861 2999 consilium
886 2937 1066 3017 Stephani,

119 3036 379 3099 Cantuariensis
396 3035 657 3119 archiepiscopi,
673 3036 775 3098 datus
792 3041 845 3098 est
858 3034 931 3098 dies
949 3053 1066 3116 aroge

118 3135 153 3197 in
182 3135 315 3198 octavis
345 3134 561 3217 Epiphaniae,
588 3141 640 3210 ut,
666 3128 883 3198 ²convocatis
910 3135 1067 3197 omnibus

118 3232 252 3296 clericis
287 3240 322 3296 et
353 3233 464 3310 laicis,
498 3253 602 3315 super
634 3233 780 3314 praesato
815 3234 955 3313 negotio
984 3241 1067 3297 tuno

119 3339 310 3394 tractarent
345 3332 435 3413 apud
474 3332 832 3407 westmonasterium,
872 3339 907 3395 et
942 3333 1066 3396 ibidem

118 3428 217 3492 fieret
232 3429 322 3512 quod
334 3430 470 3513 justum
490 3431 636 3511 singulis
651 3430 836 3494 videretur.

140 3598 183 3661 Ut
196 3599 278 3663 idem
298 3601 373 3664 otto
387 3601 573 3665 Falcoeiom
589 3603 655 3687 rapi
665 3603 838 3686 pathice-rc
853 3599 1051 3665 laboraverit.

171 3722 301 3786 Eodem
324 3732 478 3806 tempore
502 3726 670 3805 magister
694 3724 787 3788 Otho
812 3742 856 3785 ex
885 3731 983 3802 parte
1006 3722 1198 3832 dogm,

117 3821 201 3883 mini
227 3841 328 3903 papae
355 3842 471 3903 regem
492 3822 633 3904 Angliae
658 3822 833 3885 humiliter
857 3820 1007 3900 rogavit,
1029 3827 1179 3884 utnmuo.

119 3919 281 3983 Falcasio
305 3922 370 3983 sibi
396 3921 618 3984 reconciliato
644 3940 785 3983 uxorem
810 3938 887 3982 cum
909 3919 1009 3981 terris
1034 3926 1068 3981 et

448 4034 815 4045 ——-—-—---—-—-

155 4089 162 4120 ¹
178 4092 316 4155 Ecclesia]
334 4092 429 4143 Chron.
449 4093 543 4144 Duust.
556 4111 582 4156 p.
643 4089 653 4118 ²
666 4091 808 4140 Convocatis
821 4091 931 4140 omuibus
940 4092 1035 4140 curicis
1045 4097 1069 4140 et

120 4164 176 4209 161.
609 4160 700 4224 inicia]
718 4162 765 4209 See
777 4161 868 4223 below,
879 4176 905 4222 p.
919 4165 975 4210 114.
