2978 4996
277 645 333 684 Α.Ῑ).
344 646 400 684 ltro.

277 1828 332 1867 ab.
345 1829 401 1867 12²1.

437 458 482 523 66
690 470 823 520 nocant
849 471 895 518 nr
920 467 1126 518 wuuoovna

439 629 560 694 lationi
583 629 844 712 archiepiscopi,
872 629 1035 712 episcopi,
1065 626 1221 703 abbates,
1243 626 1388 708 priores,

439 736 475 793 et
499 729 558 792 alii
591 729 690 793 multi
720 729 763 792 de
796 748 904 810 regno
936 729 1147 792 Francorum
1172 726 1388 807 aliarumque

439 827 652 892 diversarum
676 829 867 910 regionum,
894 829 953 910 qui
978 829 1022 890 ob
1048 827 1212 890 honorem
1237 832 1273 888 et
1290 843 1388 887 reve·

439 927 583 991 rentiam
605 928 698 992 beati
714 928 887 1010 martyris,
907 934 946 990 ut
963 934 1070 990 tantae
1087 925 1249 989 adessent
1263 924 1389 987 solem-

440 1027 554 1103 nitati,
579 1027 740 1091 alacriter
766 1034 1019 1104 convenerunt;
1042 1043 1122 1101 nam
1146 1023 1387 1105 dignissimum

439 1127 596 1189 omnibus
613 1126 807 1202 videbatur,
825 1133 865 1190 ut
877 1133 1035 1189 sanctum
1053 1130 1238 1206 martyrem
1257 1121 1387 1185 Christi

438 1224 647 1304 generaliter
671 1225 880 1288 honorarent
899 1232 934 1287 et
957 1224 1121 1300 colerent,
1143 1223 1202 1303 qui
1225 1240 1289 1303 pro
1311 1220 1387 1284 uni·

439 1323 564 1387 versali
593 1323 738 1386 ecclesia
768 1324 968 1403 sanguinem
996 1342 1097 1386 sunm
1119 1320 1261 1384 fundere
1283 1328 1318 1384 ot
1341 1318 1385 1381 ad

439 1421 540 1484 finem
567 1440 677 1502 usque
697 1441 767 1484 non
788 1423 902 1486 timuit
919 1422 1064 1486 fideliter
1084 1421 1271 1484 decertare.

511 1594 561 1658 Do
575 1594 725 1660 abadon
741 1596 838 1660 castri
854 1596 891 1659 ds
907 1596 1024 1659 Biana
1038 1604 1066 1658 cl
1073 1590 1306 1679 peroratione

865 1696 961 1780 requi.

490 1815 595 1882 Anno
614 1816 754 1881 Domini
781 1834 939 1880 mccxxr.
966 1837 1028 1880 rex
1054 1815 1228 1880 Henricus
1253 1813 1297 1876 ad
1325 1832 1385 1876 na-

441 1917 511 1980 tale
528 1917 668 1980 Domini
692 1917 784 1999 apud
803 1916 976 1980 Oxoniam
998 1917 1109 1980 tenuit
1127 1915 1257 1979 curiam
1275 1931 1386 1985 suam,

278 1988 313 2016 ω
332 1988 349 2016 ⁸⁴
439 2017 666 2097 praesentibus
693 2016 875 2079 comitibus
901 2022 936 2078 et
959 2016 1145 2078 baronibus
1175 2013 1295 2095 regni3
1326 2011 1386 2074 nbi

439 2117 544 2197 regiis
570 2114 744 2196 obsequiis
770 2134 849 2177 cnm
877 2113 1000 2177 laetitia
1024 2122 1059 2177 et
1082 2131 1167 2196 pace
1188 2110 1387 2185 transactis,

439 2214 586 2294 singulis
609 2212 701 2295 quod
724 2213 860 2295 justum
885 2220 972 2288 erat,
997 2213 1185 2276 secundum
1208 2209 1386 2290 antiquam

439 2313 538 2392 regni
558 2311 853 2386 consuetudinem,
870 2309 1047 2375 distribuit
1062 2310 1253 2374 affluenter.
1297 2307 1388 2371 Wil-

440 2410 563 2473 lolmus
589 2428 726 2491 qnoque
753 2409 796 2473 de
827 2403 960 2483 ¹Foret,
987 2410 1106 2473 volens
1139 2428 1259 2492 pacem
1288 2407 1387 2487 regni

441 2509 592 2585 turbare,
611 2509 767 2589 sequenti
791 2515 891 2572 nocte
912 2527 982 2571 non
1004 2508 1201 2573 licentiatus
1224 2506 1387 2570 recedens

441 2606 484 2670 ad
513 2606 693 2671 castellum
719 2607 763 2670 de
790 2602 932 2671 ²Biham
962 2627 1040 2670 oum
1064 2607 1284 2672 festinatione
1311 2624 1385 2688 per-

441 2708 544 2784 rexit,
559 2708 617 2770 ubi
640 2713 719 2789 post
735 2706 809 2770 dios
835 2725 977 2789 paucoS,
1000 2706 1154 2770 collectis
1172 2706 1256 2769 viris
1277 2722 1386 2768 arma-

441 2807 498 2883 tis,
519 2807 563 2870 ad
581 2806 699 2870 villam
725 2806 768 2869 de
783 2805 940 2869 Tenham
964 2805 1136 2869 hostiliter
1158 2804 1324 2868 accedens
1346 2804 1387 2866 il-

440 2905 509 2968 lam
526 2905 690 2988 spoliavit
717 2912 753 2968 et
778 2904 919 2968 bladum
947 2906 1191 2969 canonicorum
1217 2903 1260 2966 de
1287 2902 1388 2966 Brid-

439 3002 574 3068 lintona
598 3003 641 3066 ad
667 3002 847 3066 castellum
871 3003 914 3066 de
938 3003 1064 3066 Biham
1087 3002 1258 3086 asportari
1281 3001 1387 3077 fecit;

440 3102 558 3165 villam
592 3102 697 3164 etiam
737 3101 780 3164 de
817 3102 977 3184 Depinge
1004 3122 1082 3167 cnm
1121 3103 1198 3166 aliis
1234 3100 1387 3184 ejusdcm

440 3200 627 3281 provinciae
645 3199 737 3262 villis
764 3200 940 3281 spoliavit,
964 3201 1119 3265 homines
1143 3201 1234 3283 cepit
1256 3207 1388 3282 etpost

440 3297 681 3378 gravissimum
702 3300 929 3363 membrorum
952 3302 1142 3365 cruciatum
1169 3299 1211 3363 ad
1235 3299 1389 3381 redemp-

440 3397 568 3459 tionem
609 3397 733 3478 coegit.
798 3397 933 3462 Habuit
967 3408 1095 3475 autem,
1131 3408 1170 3464 ut
1199 3399 1389 3472 dicebatur,

441 3494 544 3577 hujus
580 3495 741 3559 factionis
780 3498 975 3561 incentores
1011 3498 1219 3574 Falcasium,
1254 3497 1387 3578 Philip·

440 3614 522 3676 pum
549 3593 660 3671 Marc,
685 3595 828 3660 Petrum
849 3597 892 3662 de
911 3597 1135 3674 Malo-leone,
1155 3596 1388 3678 Engelardum

440 3693 483 3757 do
501 3691 619 3771 Athie,
642 3703 677 3758 et
695 3694 947 3774 alios-multos,
971 3697 1031 3778 qui
1055 3698 1144 3760 clam
1167 3696 1336 3759 miserunt
1358 3696 1388 3759 ei

440 3794 534 3856 viros
560 3799 724 3870 armatos,
747 3801 787 3858 ut
811 3815 932 3877 pacem
950 3795 1049 3878 regni
1070 3798 1238 3859 turbaret.
1292 3793 1390 3857 Inter

440 3892 514 3956 haec
536 3910 674 3975 quoque
693 3893 848 3957 homines
867 3895 1019 3976 regionis
1041 3894 1135 3958 illins
1160 3893 1204 3957 ad
1225 3893 1389 3957 ecclesias

440 3991 663 4055 convolantes
689 3992 780 4055 bona
808 3994 930 4056 suain
958 3994 1155 4057 coemeteria
1180 3992 1389 4056 detulerunt.

474 4163 482 4194 ¹
494 4166 590 4228 Forct.]
607 4163 682 4215 ‘For’
693 4169 719 4216 in
733 4171 777 4229 C.;
788 4170 902 4218 William
927 4171 1005 4220 marla
1017 4171 1096 4219 above
1108 4170 1259 4219 mentioned.

439 4234 471 4281 de
493 4235 620 4296 Fortibus,
638 4235 681 4285 the
703 4239 757 4287 carl
776 4238 806 4286 oi
822 4239 902 4288 Albe·
962 4235 1103 4308 ¹Biddon]
1121 4240 1147 4288 in
1161 4239 1344 4289 Lincolnshire.
