<?xml version="1.0" encoding="UTF-8"?>
<!DOCTYPE html PUBLIC "-//W3C//DTD XHTML 1.0 Transitional//EN"
    "http://www.w3.org/TR/xhtml1/DTD/xhtml1-transitional.dtd">
<html xmlns="http://www.w3.org/1999/xhtml" xml:lang="en" lang="en">
 <head>
  <title>
</title>
<meta http-equiv="Content-Type" content="text/html;charset=utf-8" />
  <meta name='ocr-system' content='tesseract 3.04.00' />
  <meta name='ocr-capabilities' content='ocr_page ocr_carea ocr_par ocr_line ocrx_word'/>
</head>
<body>
  <div class='ocr_page' id='page_1' title='image "./rogeridewendove02rogegoog_0207.png"; bbox 0 0 2978 4996; ppageno 0'>
   <div class='ocr_carea' id='block_1_1' title="bbox 435 437 1127 503">
    <p class='ocr_par' dir='ltr' id='par_1_1' title="bbox 435 437 1127 503">
     <span class='ocr_line' id='line_1_1' title="bbox 435 437 1127 503; baseline -0.006 0"><span class='ocrx_word' id='word_1_1' title='bbox 435 437 501 503; x_wconf 80' lang='lat' dir='ltr'>19ss</span> <span class='ocrx_word' id='word_1_2' title='bbox 691 454 825 502; x_wconf 82' lang='lat' dir='ltr'>aocnru</span> <span class='ocrx_word' id='word_1_3' title='bbox 850 453 898 501; x_wconf 87' lang='lat' dir='ltr'>nn</span> <span class='ocrx_word' id='word_1_4' title='bbox 919 448 1127 500; x_wconf 75' lang='lat' dir='ltr'>wannorsa</span> 
     </span>
    </p>
   </div>
   <div class='ocr_carea' id='block_1_2' title="bbox 276 607 1409 4237">
    <p class='ocr_par' dir='ltr' id='par_1_2' title="bbox 276 607 1409 4237">
     <span class='ocr_line' id='line_1_2' title="bbox 276 607 1389 694; baseline -0.001 -24"><span class='ocrx_word' id='word_1_5' title='bbox 276 628 332 670; x_wconf 71' lang='lat' dir='ltr'>un.</span> <span class='ocrx_word' id='word_1_6' title='bbox 343 626 400 667; x_wconf 75' lang='lat'>122⁹-</span> <span class='ocrx_word' id='word_1_7' title='bbox 438 630 500 694; x_wconf 88' lang='lat' dir='ltr'>per</span> <span class='ocrx_word' id='word_1_8' title='bbox 538 609 794 692; x_wconf 89' lang='lat' dir='ltr'>aliquantulum</span> <span class='ocrx_word' id='word_1_9' title='bbox 832 609 999 692; x_wconf 88' lang='lat' dir='ltr'>temporis</span> <span class='ocrx_word' id='word_1_10' title='bbox 1040 608 1191 691; x_wconf 83' lang='lat' dir='ltr'>spatium</span> <span class='ocrx_word' id='word_1_11' title='bbox 1233 607 1389 689; x_wconf 82' lang='lat' dir='ltr'><strong>profanis</strong></span> 
     </span>
     <span class='ocr_line' id='line_1_3' title="bbox 441 706 1390 792; baseline -0.004 -19"><span class='ocrx_word' id='word_1_12' title='bbox 441 711 595 792; x_wconf 89' lang='lat' dir='ltr'>gentium</span> <span class='ocrx_word' id='word_1_13' title='bbox 617 710 739 773; x_wconf 88' lang='lat' dir='ltr'>ritibus</span> <span class='ocrx_word' id='word_1_14' title='bbox 760 708 931 784; x_wconf 78' lang='lat' dir='ltr'>ancillari,</span> <span class='ocrx_word' id='word_1_15' title='bbox 955 728 1060 790; x_wconf 88' lang='lat' dir='ltr'>quam</span> <span class='ocrx_word' id='word_1_16' title='bbox 1084 707 1162 771; x_wconf 91' lang='lat' dir='ltr'>illos</span> <span class='ocrx_word' id='word_1_17' title='bbox 1181 706 1314 770; x_wconf 91' lang='lat' dir='ltr'>diutius</span> <span class='ocrx_word' id='word_1_18' title='bbox 1328 706 1390 769; x_wconf 83' lang='lat' dir='ltr'>llo·</span> 
     </span>
     <span class='ocr_line' id='line_1_4' title="bbox 442 806 1392 891; baseline -0.004 -18"><span class='ocrx_word' id='word_1_19' title='bbox 442 830 530 886; x_wconf 89' lang='lat' dir='ltr'>rere,</span> <span class='ocrx_word' id='word_1_20' title='bbox 549 829 637 891; x_wconf 88' lang='lat' dir='ltr'>quos</span> <span class='ocrx_word' id='word_1_21' title='bbox 659 809 703 872; x_wconf 90' lang='lat' dir='ltr'>ab</span> <span class='ocrx_word' id='word_1_22' title='bbox 723 807 855 871; x_wconf 80' lang='lat' dir='ltr'>illicitis</span> <span class='ocrx_word' id='word_1_23' title='bbox 877 808 1006 870; x_wconf 89' lang='lat' dir='ltr'>nullius</span> <span class='ocrx_word' id='word_1_24' title='bbox 1026 806 1219 870; x_wconf 82' lang='lat' dir='ltr'>honestatis</span> <span class='ocrx_word' id='word_1_25' title='bbox 1237 825 1392 888; x_wconf 78' lang='lat' dir='ltr'>compes·</span> 
     </span>
     <span class='ocr_line' id='line_1_5' title="bbox 444 904 1390 990; baseline -0.006 -17"><span class='ocrx_word' id='word_1_26' title='bbox 444 910 546 973; x_wconf 89' lang='lat' dir='ltr'>cebat</span> <span class='ocrx_word' id='word_1_27' title='bbox 568 916 756 990; x_wconf 89' lang='lat' dir='ltr'>respectus.</span> <span class='ocrx_word' id='word_1_28' title='bbox 808 905 914 970; x_wconf 90' lang='lat' dir='ltr'>Hanc</span> <span class='ocrx_word' id='word_1_29' title='bbox 933 915 1050 969; x_wconf 88' lang='lat' dir='ltr'>antem</span> <span class='ocrx_word' id='word_1_30' title='bbox 1067 906 1194 968; x_wconf 82' lang='lat' dir='ltr'>suturae</span> <span class='ocrx_word' id='word_1_31' title='bbox 1220 904 1390 969; x_wconf 89' lang='lat' dir='ltr'>demoliti·</span> 
     </span>
     <span class='ocr_line' id='line_1_6' title="bbox 443 1003 1392 1086; baseline -0.005 -15"><span class='ocrx_word' id='word_1_32' title='bbox 443 1009 522 1071; x_wconf 91' lang='lat' dir='ltr'>onis</span> <span class='ocrx_word' id='word_1_33' title='bbox 553 1007 753 1070; x_wconf 78' lang='lat' dir='ltr'>instantiam</span> <span class='ocrx_word' id='word_1_34' title='bbox 786 1024 889 1069; x_wconf 88' lang='lat' dir='ltr'>casus</span> <span class='ocrx_word' id='word_1_35' title='bbox 925 1005 1221 1086; x_wconf 85' lang='lat' dir='ltr'>praenosticahant</span> <span class='ocrx_word' id='word_1_36' title='bbox 1252 1003 1392 1077; x_wconf 87' lang='lat' dir='ltr'>diversi,</span> 
     </span>
     <span class='ocr_line' id='line_1_7' title="bbox 447 1103 1392 1185; baseline -0.006 -16"><span class='ocrx_word' id='word_1_37' title='bbox 447 1107 555 1169; x_wconf 86' lang='lat' dir='ltr'>fames</span> <span class='ocrx_word' id='word_1_38' title='bbox 580 1105 713 1168; x_wconf 88' lang='lat' dir='ltr'>scilicet</span> <span class='ocrx_word' id='word_1_39' title='bbox 731 1103 859 1181; x_wconf 76' lang='lat' dir='ltr'>valida,</span> <span class='ocrx_word' id='word_1_40' title='bbox 876 1113 978 1168; x_wconf 85' lang='lat' dir='ltr'>terrae</span> <span class='ocrx_word' id='word_1_41' title='bbox 999 1112 1113 1166; x_wconf 88' lang='lat' dir='ltr'>motus</span> <span class='ocrx_word' id='word_1_42' title='bbox 1131 1103 1305 1185; x_wconf 80' lang='lat' dir='ltr'>frequens,</span> <span class='ocrx_word' id='word_1_43' title='bbox 1323 1109 1392 1164; x_wconf 84' lang='lat' dir='ltr'>tam</span> 
     </span>
     <span class='ocr_line' id='line_1_8' title="bbox 446 1200 1393 1285; baseline -0.005 -18"><span class='ocrx_word' id='word_1_44' title='bbox 446 1206 538 1268; x_wconf 87' lang='lat' dir='ltr'>lunae</span> <span class='ocrx_word' id='word_1_45' title='bbox 556 1205 660 1268; x_wconf 84' lang='lat' dir='ltr'>etiam</span> <span class='ocrx_word' id='word_1_46' title='bbox 679 1222 782 1285; x_wconf 90' lang='lat' dir='ltr'>quam</span> <span class='ocrx_word' id='word_1_47' title='bbox 799 1204 923 1267; x_wconf 88' lang='lat' dir='ltr'>solaris</span> <span class='ocrx_word' id='word_1_48' title='bbox 939 1202 1113 1277; x_wconf 82' lang='lat' dir='ltr'>desectus3</span> <span class='ocrx_word' id='word_1_49' title='bbox 1138 1200 1199 1265; x_wconf 88' lang='lat' dir='ltr'>sed</span> <span class='ocrx_word' id='word_1_50' title='bbox 1217 1209 1254 1264; x_wconf 92' lang='lat' dir='ltr'>et</span> <span class='ocrx_word' id='word_1_51' title='bbox 1270 1207 1393 1264; x_wconf 86' lang='lat' dir='ltr'>ventus</span> 
     </span>
     <span class='ocr_line' id='line_1_9' title="bbox 447 1301 1393 1384; baseline -0.004 -18"><span class='ocrx_word' id='word_1_52' title='bbox 447 1304 506 1367; x_wconf 92' lang='lat' dir='ltr'>ille</span> <span class='ocrx_word' id='word_1_53' title='bbox 525 1303 674 1378; x_wconf 89' lang='lat' dir='ltr'>validus,</span> <span class='ocrx_word' id='word_1_54' title='bbox 694 1321 795 1384; x_wconf 92' lang='lat' dir='ltr'>quem</span> <span class='ocrx_word' id='word_1_55' title='bbox 814 1302 858 1365; x_wconf 87' lang='lat' dir='ltr'>de</span> <span class='ocrx_word' id='word_1_56' title='bbox 881 1301 1097 1383; x_wconf 89' lang='lat' dir='ltr'>planetarum</span> <span class='ocrx_word' id='word_1_57' title='bbox 1121 1320 1293 1365; x_wconf 85' lang='lat' dir='ltr'>concursu</span> <span class='ocrx_word' id='word_1_58' title='bbox 1317 1319 1393 1363; x_wconf 91' lang='lat' dir='ltr'>cum</span> 
     </span>
     <span class='ocr_line' id='line_1_10' title="bbox 449 1398 1395 1482; baseline -0.003 -18"><span class='ocrx_word' id='word_1_59' title='bbox 449 1402 661 1465; x_wconf 79' lang='lat' dir='ltr'>mortalitate</span> <span class='ocrx_word' id='word_1_60' title='bbox 687 1409 722 1464; x_wconf 89' lang='lat' dir='ltr'>et</span> <span class='ocrx_word' id='word_1_61' title='bbox 747 1402 838 1463; x_wconf 90' lang='lat' dir='ltr'>aeris</span> <span class='ocrx_word' id='word_1_62' title='bbox 864 1401 1067 1482; x_wconf 82' lang='lat' dir='ltr'>intemperie</span> <span class='ocrx_word' id='word_1_63' title='bbox 1090 1399 1280 1463; x_wconf 86' lang='lat' dir='ltr'>astronomi</span> <span class='ocrx_word' id='word_1_64' title='bbox 1302 1398 1395 1461; x_wconf 83' lang='lat' dir='ltr'>Tho·</span> 
     </span>
     <span class='ocr_line' id='line_1_11' title="bbox 449 1498 1393 1581; baseline -0.005 -17"><span class='ocrx_word' id='word_1_65' title='bbox 449 1501 556 1564; x_wconf 92' lang='lat' dir='ltr'>letani</span> <span class='ocrx_word' id='word_1_66' title='bbox 580 1519 623 1562; x_wconf 90' lang='lat' dir='ltr'>ex</span> <span class='ocrx_word' id='word_1_67' title='bbox 648 1498 826 1563; x_wconf 90' lang='lat' dir='ltr'>stellarum</span> <span class='ocrx_word' id='word_1_68' title='bbox 850 1499 1063 1581; x_wconf 82' lang='lat' dir='ltr'>inspectione</span> <span class='ocrx_word' id='word_1_69' title='bbox 1082 1498 1393 1580; x_wconf 87' lang='lat' dir='ltr'>pronuntiaverant</span> 
     </span>
     <span class='ocr_line' id='line_1_12' title="bbox 449 1595 1395 1680; baseline -0.003 -19"><span class='ocrx_word' id='word_1_70' title='bbox 449 1599 616 1672; x_wconf 81' lang='lat' dir='ltr'>futurum,</span> <span class='ocrx_word' id='word_1_71' title='bbox 636 1599 671 1660; x_wconf 93' lang='lat' dir='ltr'>in</span> <span class='ocrx_word' id='word_1_72' title='bbox 690 1597 794 1680; x_wconf 89' lang='lat' dir='ltr'>hujus</span> <span class='ocrx_word' id='word_1_73' title='bbox 812 1600 861 1662; x_wconf 91' lang='lat' dir='ltr'>rei</span> <span class='ocrx_word' id='word_1_74' title='bbox 878 1599 1166 1679; x_wconf 86' lang='lat' dir='ltr'>significationem</span> <span class='ocrx_word' id='word_1_75' title='bbox 1190 1595 1311 1679; x_wconf 91' lang='lat' dir='ltr'>procul</span> <span class='ocrx_word' id='word_1_76' title='bbox 1332 1596 1395 1658; x_wconf 88' lang='lat' dir='ltr'>dn·</span> 
     </span>
     <span class='ocr_line' id='line_1_13' title="bbox 450 1697 1398 1779; baseline -0.002 -19"><span class='ocrx_word' id='word_1_77' title='bbox 450 1698 508 1761; x_wconf 92' lang='lat' dir='ltr'>bio</span> <span class='ocrx_word' id='word_1_78' title='bbox 524 1704 756 1760; x_wconf 88' lang='lat' dir='ltr'>commutatus</span> <span class='ocrx_word' id='word_1_79' title='bbox 773 1698 957 1779; x_wconf 82' lang='lat' dir='ltr'>migravit3</span> <span class='ocrx_word' id='word_1_80' title='bbox 980 1717 1061 1761; x_wconf 86' lang='lat' dir='ltr'>vere</span> <span class='ocrx_word' id='word_1_81' title='bbox 1075 1697 1166 1760; x_wconf 88' lang='lat' dir='ltr'>enim</span> <span class='ocrx_word' id='word_1_82' title='bbox 1181 1703 1307 1760; x_wconf 83' lang='lat' dir='ltr'>ventus</span> <span class='ocrx_word' id='word_1_83' title='bbox 1323 1700 1398 1759; x_wconf 90' lang='lat' dir='ltr'>erat</span> 
     </span>
     <span class='ocr_line' id='line_1_14' title="bbox 451 1794 1398 1878; baseline -0.003 -18"><span class='ocrx_word' id='word_1_84' title='bbox 451 1794 601 1872; x_wconf 86' lang='lat' dir='ltr'>validus,</span> <span class='ocrx_word' id='word_1_85' title='bbox 624 1797 684 1878; x_wconf 90' lang='lat' dir='ltr'>qui</span> <span class='ocrx_word' id='word_1_86' title='bbox 707 1805 855 1878; x_wconf 87' lang='lat' dir='ltr'>quatuor</span> <span class='ocrx_word' id='word_1_87' title='bbox 883 1796 1001 1859; x_wconf 92' lang='lat' dir='ltr'>mundi</span> <span class='ocrx_word' id='word_1_88' title='bbox 1028 1795 1185 1859; x_wconf 88' lang='lat' dir='ltr'>cardines</span> <span class='ocrx_word' id='word_1_89' title='bbox 1213 1795 1398 1870; x_wconf 89' lang='lat' dir='ltr'>concussit,</span> 
     </span>
     <span class='ocr_line' id='line_1_15' title="bbox 452 1894 1398 1976; baseline -0.002 -18"><span class='ocrx_word' id='word_1_90' title='bbox 452 1914 495 1958; x_wconf 92' lang='lat' dir='ltr'>ac</span> <span class='ocrx_word' id='word_1_91' title='bbox 529 1896 646 1959; x_wconf 89' lang='lat' dir='ltr'>orbem</span> <span class='ocrx_word' id='word_1_92' title='bbox 680 1895 876 1959; x_wconf 83' lang='lat' dir='ltr'>universnm</span> <span class='ocrx_word' id='word_1_93' title='bbox 907 1915 952 1958; x_wconf 87' lang='lat' dir='ltr'>ex</span> <span class='ocrx_word' id='word_1_94' title='bbox 985 1895 1147 1976; x_wconf 88' lang='lat' dir='ltr'>gentibus</span> <span class='ocrx_word' id='word_1_95' title='bbox 1177 1894 1398 1958; x_wconf 79' lang='lat' dir='ltr'>excitandum</span> 
     </span>
     <span class='ocr_line' id='line_1_16' title="bbox 453 1992 1398 2077; baseline -0.002 -20"><span class='ocrx_word' id='word_1_96' title='bbox 453 1995 489 2057; x_wconf 93' lang='lat' dir='ltr'>in</span> <span class='ocrx_word' id='word_1_97' title='bbox 513 1995 699 2058; x_wconf 86' lang='lat' dir='ltr'>seditiones</span> <span class='ocrx_word' id='word_1_98' title='bbox 721 2003 756 2059; x_wconf 92' lang='lat' dir='ltr'>et</span> <span class='ocrx_word' id='word_1_99' title='bbox 777 1994 899 2077; x_wconf 86' lang='lat' dir='ltr'>praelia</span> <span class='ocrx_word' id='word_1_100' title='bbox 920 2013 961 2057; x_wconf 88' lang='lat' dir='ltr'>ac</span> <span class='ocrx_word' id='word_1_101' title='bbox 980 2003 1081 2058; x_wconf 89' lang='lat' dir='ltr'>terrae</span> <span class='ocrx_word' id='word_1_102' title='bbox 1103 2000 1235 2057; x_wconf 83' lang='lat' dir='ltr'>sanctae</span> <span class='ocrx_word' id='word_1_103' title='bbox 1255 1992 1398 2056; x_wconf 80' lang='lat' dir='ltr'>exitium</span> 
     </span>
     <span class='ocr_line' id='line_1_17' title="bbox 454 2092 1399 2175; baseline -0.002 -19"><span class='ocrx_word' id='word_1_104' title='bbox 454 2094 745 2175; x_wconf 83' lang='lat' dir='ltr'>praemonstravit.</span> <span class='ocrx_word' id='word_1_105' title='bbox 792 2093 926 2157; x_wconf 84' lang='lat' dir='ltr'>Mansit</span> <span class='ocrx_word' id='word_1_106' title='bbox 943 2100 1058 2157; x_wconf 89' lang='lat' dir='ltr'>autem</span> <span class='ocrx_word' id='word_1_107' title='bbox 1073 2094 1138 2156; x_wconf 91' lang='lat' dir='ltr'>sub</span> <span class='ocrx_word' id='word_1_108' title='bbox 1154 2100 1331 2175; x_wconf 85' lang='lat' dir='ltr'>potestate</span> <span class='ocrx_word' id='word_1_109' title='bbox 1347 2092 1399 2154; x_wconf 91' lang='lat' dir='ltr'>in·</span> 
     </span>
     <span class='ocr_line' id='line_1_18' title="bbox 455 2190 1400 2256; baseline 0 -3"><span class='ocrx_word' id='word_1_110' title='bbox 455 2192 632 2255; x_wconf 92' lang='lat' dir='ltr'>imicorum</span> <span class='ocrx_word' id='word_1_111' title='bbox 661 2190 790 2255; x_wconf 86' lang='lat' dir='ltr'>Christi</span> <span class='ocrx_word' id='word_1_112' title='bbox 820 2193 944 2256; x_wconf 85' lang='lat' dir='ltr'>civitas</span> <span class='ocrx_word' id='word_1_113' title='bbox 971 2200 1094 2256; x_wconf 89' lang='lat' dir='ltr'>sancta</span> <span class='ocrx_word' id='word_1_114' title='bbox 1118 2190 1341 2255; x_wconf 87' lang='lat' dir='ltr'>Hierusalem</span> <span class='ocrx_word' id='word_1_115' title='bbox 1366 2198 1400 2254; x_wconf 90' lang='lat' dir='ltr'>et</span> 
     </span>
     <span class='ocr_line' id='line_1_19' title="bbox 456 2289 1400 2370; baseline 0 -18"><span class='ocrx_word' id='word_1_116' title='bbox 456 2297 550 2352; x_wconf 90' lang='lat' dir='ltr'>terra</span> <span class='ocrx_word' id='word_1_117' title='bbox 565 2290 802 2370; x_wconf 92' lang='lat' dir='ltr'>promissionis</span> <span class='ocrx_word' id='word_1_118' title='bbox 819 2299 906 2367; x_wconf 88' lang='lat' dir='ltr'>tota,</span> <span class='ocrx_word' id='word_1_119' title='bbox 922 2310 999 2354; x_wconf 94' lang='lat' dir='ltr'>cum</span> <span class='ocrx_word' id='word_1_120' title='bbox 1014 2291 1152 2355; x_wconf 80' lang='lat' dir='ltr'>vivifica</span> <span class='ocrx_word' id='word_1_121' title='bbox 1162 2310 1265 2354; x_wconf 88' lang='lat' dir='ltr'>cruce</span> <span class='ocrx_word' id='word_1_122' title='bbox 1279 2289 1400 2355; x_wconf 90' lang='lat' dir='ltr'>Domi·</span> 
     </span>
     <span class='ocr_line' id='line_1_20' title="bbox 457 2387 1401 2471; baseline 0.002 -22"><span class='ocrx_word' id='word_1_123' title='bbox 457 2387 548 2463; x_wconf 90' lang='lat' dir='ltr'>nica,</span> <span class='ocrx_word' id='word_1_124' title='bbox 572 2406 634 2468; x_wconf 91' lang='lat' dir='ltr'>per</span> <span class='ocrx_word' id='word_1_125' title='bbox 655 2406 765 2452; x_wconf 90' lang='lat' dir='ltr'>annos</span> <span class='ocrx_word' id='word_1_126' title='bbox 786 2390 1018 2471; x_wconf 88' lang='lat' dir='ltr'>quadraginta</span> <span class='ocrx_word' id='word_1_127' title='bbox 1036 2389 1136 2465; x_wconf 92' lang='lat' dir='ltr'>duos,</span> <span class='ocrx_word' id='word_1_128' title='bbox 1158 2390 1323 2471; x_wconf 89' lang='lat' dir='ltr'>usquein</span> <span class='ocrx_word' id='word_1_129' title='bbox 1339 2408 1401 2452; x_wconf 92' lang='lat' dir='ltr'>an·</span> 
     </span>
     <span class='ocr_line' id='line_1_21' title="bbox 456 2487 1401 2569; baseline 0.004 -23"><span class='ocrx_word' id='word_1_130' title='bbox 456 2504 538 2546; x_wconf 93' lang='lat' dir='ltr'>num</span> <span class='ocrx_word' id='word_1_131' title='bbox 556 2495 774 2567; x_wconf 86' lang='lat' dir='ltr'>praesentem,</span> <span class='ocrx_word' id='word_1_132' title='bbox 791 2489 851 2569; x_wconf 90' lang='lat' dir='ltr'>qui</span> <span class='ocrx_word' id='word_1_133' title='bbox 871 2497 923 2552; x_wconf 87' lang='lat' dir='ltr'>est</span> <span class='ocrx_word' id='word_1_134' title='bbox 939 2490 983 2552; x_wconf 90' lang='lat' dir='ltr'>ab</span> <span class='ocrx_word' id='word_1_135' title='bbox 1000 2488 1238 2552; x_wconf 87' lang='lat' dir='ltr'>incarnatione</span> <span class='ocrx_word' id='word_1_136' title='bbox 1260 2487 1401 2551; x_wconf 90' lang='lat' dir='ltr'>Domini</span> 
     </span>
     <span class='ocr_line' id='line_1_22' title="bbox 457 2583 1401 2668; baseline 0.004 -23"><span class='ocrx_word' id='word_1_137' title='bbox 457 2583 659 2648; x_wconf 90' lang='lat' dir='ltr'>millesimus</span> <span class='ocrx_word' id='word_1_138' title='bbox 675 2586 931 2651; x_wconf 86' lang='lat' dir='ltr'>ducentesimus</span> <span class='ocrx_word' id='word_1_139' title='bbox 946 2588 1130 2651; x_wconf 89' lang='lat' dir='ltr'>vicesimus</span> <span class='ocrx_word' id='word_1_140' title='bbox 1152 2606 1276 2663; x_wconf 90' lang='lat' dir='ltr'>nonus,</span> <span class='ocrx_word' id='word_1_141' title='bbox 1292 2605 1401 2668; x_wconf 88' lang='lat' dir='ltr'>qnan-</span> 
     </span>
     <span class='ocr_line' id='line_1_23' title="bbox 457 2682 1404 2768; baseline 0.005 -23"><span class='ocrx_word' id='word_1_142' title='bbox 457 2682 502 2746; x_wconf 93' lang='lat' dir='ltr'>do</span> <span class='ocrx_word' id='word_1_143' title='bbox 526 2685 622 2747; x_wconf 89' lang='lat' dir='ltr'>venit</span> <span class='ocrx_word' id='word_1_144' title='bbox 636 2693 772 2766; x_wconf 84' lang='lat' dir='ltr'>tempus</span> <span class='ocrx_word' id='word_1_145' title='bbox 794 2687 977 2750; x_wconf 88' lang='lat' dir='ltr'>miserendi</span> <span class='ocrx_word' id='word_1_146' title='bbox 995 2686 1148 2762; x_wconf 92' lang='lat' dir='ltr'>Domini,</span> <span class='ocrx_word' id='word_1_147' title='bbox 1163 2692 1203 2749; x_wconf 87' lang='lat' dir='ltr'>ut</span> <span class='ocrx_word' id='word_1_148' title='bbox 1218 2685 1404 2768; x_wconf 88' lang='lat' dir='ltr'>respiceret</span> 
     </span>
     <span class='ocr_line' id='line_1_24' title="bbox 456 2782 1403 2867; baseline 0.003 -22"><span class='ocrx_word' id='word_1_149' title='bbox 456 2782 493 2845; x_wconf 94' lang='lat' dir='ltr'>in</span> <span class='ocrx_word' id='word_1_150' title='bbox 518 2784 693 2847; x_wconf 89' lang='lat' dir='ltr'>orationes</span> <span class='ocrx_word' id='word_1_151' title='bbox 720 2783 897 2847; x_wconf 91' lang='lat' dir='ltr'>humilium</span> <span class='ocrx_word' id='word_1_152' title='bbox 929 2794 964 2849; x_wconf 90' lang='lat' dir='ltr'>et</span> <span class='ocrx_word' id='word_1_153' title='bbox 987 2785 1211 2848; x_wconf 80' lang='lat' dir='ltr'>reaedificaret</span> <span class='ocrx_word' id='word_1_154' title='bbox 1233 2784 1342 2867; x_wconf 91' lang='lat' dir='ltr'>Syon,</span> <span class='ocrx_word' id='word_1_155' title='bbox 1365 2791 1403 2848; x_wconf 90' lang='lat' dir='ltr'>nt</span> 
     </span>
     <span class='ocr_line' id='line_1_25' title="bbox 456 2881 1403 2967; baseline 0.002 -23"><span class='ocrx_word' id='word_1_156' title='bbox 456 2881 631 2946; x_wconf 86' lang='lat' dir='ltr'>videretur</span> <span class='ocrx_word' id='word_1_157' title='bbox 652 2883 689 2946; x_wconf 92' lang='lat' dir='ltr'>in</span> <span class='ocrx_word' id='word_1_158' title='bbox 710 2883 822 2963; x_wconf 88' lang='lat' dir='ltr'>gloria</span> <span class='ocrx_word' id='word_1_159' title='bbox 841 2902 918 2960; x_wconf 90' lang='lat' dir='ltr'>sua,</span> <span class='ocrx_word' id='word_1_160' title='bbox 936 2885 971 2946; x_wconf 94' lang='lat' dir='ltr'>in</span> <span class='ocrx_word' id='word_1_161' title='bbox 993 2883 1070 2947; x_wconf 92' lang='lat' dir='ltr'>loco</span> <span class='ocrx_word' id='word_1_162' title='bbox 1092 2883 1253 2967; x_wconf 84' lang='lat' dir='ltr'>videlicet</span> <span class='ocrx_word' id='word_1_163' title='bbox 1272 2891 1403 2946; x_wconf 75' lang='lat' dir='ltr'>sancta</span> 
     </span>
     <span class='ocr_line' id='line_1_26' title="bbox 459 2981 1405 3063; baseline 0.004 -20"><span class='ocrx_word' id='word_1_164' title='bbox 459 2981 664 3057; x_wconf 84' lang='lat' dir='ltr'>nativitatis,</span> <span class='ocrx_word' id='word_1_165' title='bbox 680 2981 852 3063; x_wconf 91' lang='lat' dir='ltr'>passionis</span> <span class='ocrx_word' id='word_1_166' title='bbox 869 2989 904 3045; x_wconf 89' lang='lat' dir='ltr'>et</span> <span class='ocrx_word' id='word_1_167' title='bbox 918 2983 1176 3048; x_wconf 90' lang='lat' dir='ltr'>resurrectionis</span> <span class='ocrx_word' id='word_1_168' title='bbox 1194 3002 1278 3058; x_wconf 87' lang='lat' dir='ltr'>suae,</span> <span class='ocrx_word' id='word_1_169' title='bbox 1294 2989 1331 3046; x_wconf 90' lang='lat' dir='ltr'>et</span> <span class='ocrx_word' id='word_1_170' title='bbox 1343 3003 1405 3047; x_wconf 92' lang='lat' dir='ltr'>au·</span> 
     </span>
     <span class='ocr_line' id='line_1_27' title="bbox 458 3079 1404 3163; baseline 0.005 -22"><span class='ocrx_word' id='word_1_171' title='bbox 458 3079 547 3142; x_wconf 88' lang='lat' dir='ltr'>diret</span> <span class='ocrx_word' id='word_1_172' title='bbox 570 3079 719 3159; x_wconf 85' lang='lat' dir='ltr'>gemitus</span> <span class='ocrx_word' id='word_1_173' title='bbox 747 3081 1017 3163; x_wconf 86' lang='lat' dir='ltr'>compeditorum</span> <span class='ocrx_word' id='word_1_174' title='bbox 1043 3090 1079 3145; x_wconf 90' lang='lat' dir='ltr'>et</span> <span class='ocrx_word' id='word_1_175' title='bbox 1098 3081 1294 3146; x_wconf 84' lang='lat' dir='ltr'>absolveret</span> <span class='ocrx_word' id='word_1_176' title='bbox 1316 3082 1404 3146; x_wconf 87' lang='lat' dir='ltr'>filios</span> 
     </span>
     <span class='ocr_line' id='line_1_28' title="bbox 458 3179 1405 3263; baseline 0.007 -25"><span class='ocrx_word' id='word_1_177' title='bbox 458 3184 724 3259; x_wconf 87' lang='lat' dir='ltr'>peremptorum.</span> <span class='ocrx_word' id='word_1_178' title='bbox 776 3179 871 3244; x_wconf 87' lang='lat' dir='ltr'>Vere</span> <span class='ocrx_word' id='word_1_179' title='bbox 898 3189 934 3244; x_wconf 91' lang='lat' dir='ltr'>et</span> <span class='ocrx_word' id='word_1_180' title='bbox 955 3183 1086 3263; x_wconf 91' lang='lat' dir='ltr'>absque</span> <span class='ocrx_word' id='word_1_181' title='bbox 1115 3182 1209 3244; x_wconf 91' lang='lat' dir='ltr'>omni</span> <span class='ocrx_word' id='word_1_182' title='bbox 1237 3180 1405 3263; x_wconf 86' lang='lat' dir='ltr'>ambigui-</span> 
     </span>
     <span class='ocr_line' id='line_1_29' title="bbox 460 3275 1404 3362; baseline 0.004 -23"><span class='ocrx_word' id='word_1_183' title='bbox 460 3282 532 3339; x_wconf 87' lang='lat' dir='ltr'>tate</span> <span class='ocrx_word' id='word_1_184' title='bbox 552 3275 685 3339; x_wconf 87' lang='lat' dir='ltr'>audivit</span> <span class='ocrx_word' id='word_1_185' title='bbox 707 3277 879 3342; x_wconf 87' lang='lat' dir='ltr'>Dominus</span> <span class='ocrx_word' id='word_1_186' title='bbox 903 3281 1052 3360; x_wconf 80' lang='lat' dir='ltr'>gemitus</span> <span class='ocrx_word' id='word_1_187' title='bbox 1074 3280 1347 3362; x_wconf 90' lang='lat' dir='ltr'>compeditorum</span> <span class='ocrx_word' id='word_1_188' title='bbox 1368 3281 1404 3343; x_wconf 91' lang='lat' dir='ltr'>in</span> 
     </span>
     <span class='ocr_line' id='line_1_30' title="bbox 447 3372 1406 3461; baseline 0.007 -26"><span class='ocrx_word' id='word_1_189' title='bbox 447 3372 525 3436; x_wconf 86' lang='lat' dir='ltr'>-hac</span> <span class='ocrx_word' id='word_1_190' title='bbox 547 3375 766 3440; x_wconf 88' lang='lat' dir='ltr'>restitutione</span> <span class='ocrx_word' id='word_1_191' title='bbox 789 3386 889 3441; x_wconf 87' lang='lat' dir='ltr'>terrae</span> <span class='ocrx_word' id='word_1_192' title='bbox 912 3387 1056 3455; x_wconf 86' lang='lat' dir='ltr'>sanctae,</span> <span class='ocrx_word' id='word_1_193' title='bbox 1078 3398 1156 3461; x_wconf 83' lang='lat' dir='ltr'>quae</span> <span class='ocrx_word' id='word_1_194' title='bbox 1183 3379 1261 3442; x_wconf 90' lang='lat' dir='ltr'>istis</span> <span class='ocrx_word' id='word_1_195' title='bbox 1285 3378 1406 3442; x_wconf 87' lang='lat' dir='ltr'>diebus</span> 
     </span>
     <span class='ocr_line' id='line_1_31' title="bbox 459 3472 1405 3560; baseline 0.006 -27"><span class='ocrx_word' id='word_1_196' title='bbox 459 3472 552 3535; x_wconf 87' lang='lat' dir='ltr'>sacta</span> <span class='ocrx_word' id='word_1_197' title='bbox 574 3482 626 3537; x_wconf 89' lang='lat' dir='ltr'>est</span> <span class='ocrx_word' id='word_1_198' title='bbox 648 3494 711 3556; x_wconf 91' lang='lat' dir='ltr'>per</span> <span class='ocrx_word' id='word_1_199' title='bbox 731 3476 944 3557; x_wconf 87' lang='lat' dir='ltr'>diligentiam</span> <span class='ocrx_word' id='word_1_200' title='bbox 971 3478 1189 3560; x_wconf 83' lang='lat' dir='ltr'>imperatoris</span> <span class='ocrx_word' id='word_1_201' title='bbox 1219 3477 1405 3554; x_wconf 88' lang='lat' dir='ltr'>Frederici,</span> 
     </span>
     <span class='ocr_line' id='line_1_32' title="bbox 459 3574 1406 3658; baseline 0.007 -25"><span class='ocrx_word' id='word_1_202' title='bbox 459 3580 667 3653; x_wconf 89' lang='lat' dir='ltr'>cooperante</span> <span class='ocrx_word' id='word_1_203' title='bbox 695 3574 879 3639; x_wconf 86' lang='lat' dir='ltr'>clementia</span> <span class='ocrx_word' id='word_1_204' title='bbox 903 3575 1042 3654; x_wconf 89' lang='lat' dir='ltr'>divina;</span> <span class='ocrx_word' id='word_1_205' title='bbox 1072 3576 1153 3639; x_wconf 94' lang='lat' dir='ltr'>dum</span> <span class='ocrx_word' id='word_1_206' title='bbox 1181 3596 1244 3658; x_wconf 87' lang='lat' dir='ltr'>per</span> <span class='ocrx_word' id='word_1_207' title='bbox 1266 3583 1406 3658; x_wconf 88' lang='lat' dir='ltr'>pactum</span> 
     </span>
     <span class='ocr_line' id='line_1_33' title="bbox 460 3671 1405 3759; baseline 0.007 -28"><span class='ocrx_word' id='word_1_208' title='bbox 460 3671 549 3733; x_wconf 90' lang='lat' dir='ltr'>inter</span> <span class='ocrx_word' id='word_1_209' title='bbox 577 3671 689 3753; x_wconf 91' lang='lat' dir='ltr'>ipsum</span> <span class='ocrx_word' id='word_1_210' title='bbox 726 3673 879 3737; x_wconf 90' lang='lat' dir='ltr'>habitum</span> <span class='ocrx_word' id='word_1_211' title='bbox 911 3683 948 3738; x_wconf 90' lang='lat' dir='ltr'>et</span> <span class='ocrx_word' id='word_1_212' title='bbox 976 3675 1180 3759; x_wconf 79' lang='lat' dir='ltr'>Babyloniae</span> <span class='ocrx_word' id='word_1_213' title='bbox 1216 3675 1405 3740; x_wconf 90' lang='lat' dir='ltr'>Soldanum</span> 
     </span>
     <span class='ocr_line' id='line_1_34' title="bbox 460 3773 1405 3858; baseline 0.008 -28"><span class='ocrx_word' id='word_1_214' title='bbox 460 3788 579 3832; x_wconf 89' lang='lat' dir='ltr'>omnes</span> <span class='ocrx_word' id='word_1_215' title='bbox 604 3773 746 3853; x_wconf 89' lang='lat' dir='ltr'>captivi,</span> <span class='ocrx_word' id='word_1_216' title='bbox 769 3773 829 3853; x_wconf 92' lang='lat' dir='ltr'>qui</span> <span class='ocrx_word' id='word_1_217' title='bbox 854 3782 953 3837; x_wconf 88' lang='lat' dir='ltr'>erant</span> <span class='ocrx_word' id='word_1_218' title='bbox 976 3775 1012 3837; x_wconf 94' lang='lat' dir='ltr'>in</span> <span class='ocrx_word' id='word_1_219' title='bbox 1039 3775 1243 3857; x_wconf 89' lang='lat' dir='ltr'>paganismo</span> <span class='ocrx_word' id='word_1_220' title='bbox 1269 3794 1405 3858; x_wconf 90' lang='lat' dir='ltr'>compe-</span> 
     </span>
     <span class='ocr_line' id='line_1_35' title="bbox 461 3867 1407 3954; baseline 0.011 -26"><span class='ocrx_word' id='word_1_221' title='bbox 461 3867 524 3929; x_wconf 89' lang='lat' dir='ltr'>diti</span> <span class='ocrx_word' id='word_1_222' title='bbox 557 3875 592 3930; x_wconf 93' lang='lat' dir='ltr'>et</span> <span class='ocrx_word' id='word_1_223' title='bbox 615 3869 658 3931; x_wconf 92' lang='lat' dir='ltr'>ad</span> <span class='ocrx_word' id='word_1_224' title='bbox 684 3869 852 3934; x_wconf 87' lang='lat' dir='ltr'>vilissima</span> <span class='ocrx_word' id='word_1_225' title='bbox 878 3873 1041 3953; x_wconf 85' lang='lat' dir='ltr'>quaelihet</span> <span class='ocrx_word' id='word_1_226' title='bbox 1064 3873 1243 3936; x_wconf 87' lang='lat' dir='ltr'>servitutis</span> <span class='ocrx_word' id='word_1_227' title='bbox 1279 3892 1407 3954; x_wconf 85' lang='lat' dir='ltr'>genera</span> 
     </span>
     <span class='ocr_line' id='line_1_36' title="bbox 461 3964 1407 4050; baseline 0.011 -24"><span class='ocrx_word' id='word_1_228' title='bbox 461 3964 601 4041; x_wconf 90' lang='lat' dir='ltr'>addicti,</span> <span class='ocrx_word' id='word_1_229' title='bbox 624 3967 726 4030; x_wconf 92' lang='lat' dir='ltr'>modo</span> <span class='ocrx_word' id='word_1_230' title='bbox 743 3986 765 4030; x_wconf 90' lang='lat' dir='ltr'>a</span> <span class='ocrx_word' id='word_1_231' title='bbox 780 3969 868 4050; x_wconf 83' lang='lat' dir='ltr'>Jugo</span> <span class='ocrx_word' id='word_1_232' title='bbox 889 3971 1068 4034; x_wconf 85' lang='lat' dir='ltr'>servitutis</span> <span class='ocrx_word' id='word_1_233' title='bbox 1088 3971 1223 4035; x_wconf 90' lang='lat' dir='ltr'>liberati</span> <span class='ocrx_word' id='word_1_234' title='bbox 1239 3979 1407 4036; x_wconf 84' lang='lat' dir='ltr'>venerunt</span> 
     </span>
     <span class='ocr_line' id='line_1_37' title="bbox 461 4064 1409 4153; baseline 0.009 -29"><span class='ocrx_word' id='word_1_235' title='bbox 461 4064 496 4124; x_wconf 93' lang='lat' dir='ltr'>in</span> <span class='ocrx_word' id='word_1_236' title='bbox 517 4071 672 4126; x_wconf 89' lang='lat' dir='ltr'>sanctam</span> <span class='ocrx_word' id='word_1_237' title='bbox 689 4065 865 4131; x_wconf 87' lang='lat' dir='ltr'>civitatem</span> <span class='ocrx_word' id='word_1_238' title='bbox 880 4066 1101 4134; x_wconf 87' lang='lat' dir='ltr'>Hierusalem</span> <span class='ocrx_word' id='word_1_239' title='bbox 1120 4078 1156 4135; x_wconf 90' lang='lat' dir='ltr'>et</span> <span class='ocrx_word' id='word_1_240' title='bbox 1173 4078 1409 4153; x_wconf 86' lang='lat' dir='ltr'>apparuerunt</span> 
     </span>
     <span class='ocr_line' id='line_1_38' title="bbox 461 4160 1408 4237; baseline 0.014 -15"><span class='ocrx_word' id='word_1_241' title='bbox 461 4160 590 4237; x_wconf 89' lang='lat' dir='ltr'>multis,</span> <span class='ocrx_word' id='word_1_242' title='bbox 606 4170 653 4237; x_wconf 91' lang='lat' dir='ltr'>et,</span> <span class='ocrx_word' id='word_1_243' title='bbox 663 4162 766 4227; x_wconf 88' lang='lat' dir='ltr'>factis</span> <span class='ocrx_word' id='word_1_244' title='bbox 779 4165 995 4232; x_wconf 88' lang='lat' dir='ltr'>orationibus</span> <span class='ocrx_word' id='word_1_245' title='bbox 1008 4170 1043 4233; x_wconf 91' lang='lat' dir='ltr'>in</span> <span class='ocrx_word' id='word_1_246' title='bbox 1059 4168 1145 4233; x_wconf 89' lang='lat' dir='ltr'>locis</span> <span class='ocrx_word' id='word_1_247' title='bbox 1155 4169 1408 4234; x_wconf 87' lang='lat' dir='ltr'>venerabilibus</span> 
     </span>
    </p>
   </div>
   <div class='ocr_carea' id='block_1_3' title="bbox 0 0 1516 4996">
    <p class='ocr_par' dir='ltr' id='par_1_3' title="bbox 0 0 1516 4996">
     <span class='ocr_line' id='line_1_39' title="bbox 0 0 1516 4996; baseline 0 0"><span class='ocrx_word' id='word_1_248' title='bbox 0 0 1516 4996; x_wconf 95' lang='lat' dir='ltr'> </span> 
     </span>
    </p>
   </div>
  </div>
 </body>
</html>
