2978 4996
472 439 610 488 neonus
634 440 905 491 maronianus.
1098 427 1165 492 223

210 596 312 678 cipue
337 596 397 676 qui
420 596 521 676 primi
544 597 749 676 veniebaut3
776 599 835 661 sed
861 599 932 676 alii,
955 600 1015 681 qui
1041 620 1161 682 seque·
1178 613 1299 654 ΛΜΝ·

210 696 350 772 bantur,
372 714 416 757 ex
441 696 612 758 sociorum
637 699 870 760 submersione
897 700 1093 780 praemuniti
1119 700 1161 762 de

210 813 294 858 casn
315 794 588 859 commilitonum
606 815 746 858 suorum
765 817 834 861 non
852 797 1070 861 mediocriter
1084 818 1162 863 con·

211 893 386 956 dolebant.
439 892 540 957 Tunc
557 893 766 971 Wallenses,
783 894 933 960 hostium
955 898 1163 960 submersio·

211 1011 289 1055 nem
311 1001 573 1073 cognoscentes,
593 994 722 1056 reversi
748 1003 830 1059 sunt
847 1015 925 1057 cum
948 995 1079 1077 impetu
1102 1015 1162 1059 su·

211 1111 273 1173 per
298 1111 371 1168 eos,
397 1099 528 1155 etcum
552 1092 681 1155 lanceis
703 1094 776 1156 suis
800 1094 926 1157 milites
949 1102 984 1158 et
1001 1114 1108 1175 equos
1125 1096 1161 1157 in

211 1210 311 1256 coeno
335 1191 533 1255 volutantes
557 1191 741 1256 crudeliter
767 1202 997 1275 peremerunt.
1074 1194 1159 1256 Fac·

212 1298 268 1354 tus
294 1297 347 1354 est
366 1298 482 1354 autern
510 1289 557 1353 ibi
580 1291 659 1353 hinc
684 1291 764 1354 inde
791 1292 973 1356 conflictus
996 1293 1161 1372 gravissi·

212 1408 302 1465 mus,
313 1389 431 1453 multis
447 1390 629 1472 utrobique
647 1392 847 1471 peremptis,
860 1392 920 1454 sed
936 1400 1051 1455 tamen
1062 1391 1161 1455 Wal-

212 1488 325 1552 lenses
342 1488 489 1553 victoria
508 1490 699 1570 potiuntur.
747 1483 900 1572 ¹Captus
917 1499 970 1555 est
981 1498 1097 1554 autem
1115 1491 1163 1554 ibi

213 1586 386 1668 AEgidius,
412 1586 503 1650 filius
538 1587 704 1652 Richardi
734 1589 777 1652 de
803 1588 1032 1670 Argentonio,
1063 1591 1161 1653 miles

211 1694 384 1761 strenuus,
408 1705 485 1750 cum
506 1687 711 1768 quibusdam
732 1687 823 1765 aliis,
850 1708 998 1770 quornm
1022 1690 1162 1752 uomina

213 1805 282 1849 non
298 1784 429 1850 audivi.

252 1957 303 2020 Do
316 1955 431 2020 ultione
438 1956 587 2041 predicti
600 1957 730 2031 scalaris,
747 1966 775 2021 at
789 1958 1007 2020 constructione
1021 1959 1117 2021 castri

602 2054 765 2118 Madidis.

261 2178 419 2262 Cumque
435 2180 574 2243 tandem
589 2197 702 2255 casus,
719 2177 778 2260 qui
791 2177 958 2242 militibus
969 2178 1044 2262 jam
1060 2178 1162 2243 dictis
1175 2206 1254 2245 aaran

211 2279 395 2354 acciderat,
425 2280 497 2359 regi
525 2279 637 2342 fuerat
659 2278 895 2355 denuntiatae,
917 2298 994 2341 cum
1022 2279 1163 2342 festina-

212 2379 305 2446 tione
327 2379 370 2441 ad
389 2378 577 2454 abbatiam,
600 2376 700 2460 cujus
717 2377 825 2441 frater
849 2378 1013 2459 praet'atos
1036 2378 1162 2442 milites

1174 2255 1251 2294 Wales.

212 2477 421 2558 prodiderat,
437 2477 608 2541 hostiliter
631 2477 815 2552 transiens,
837 2477 872 2539 in
890 2477 1056 2541 ultionem
1074 2479 1162 2540 tanti

212 2576 351 2641 sceleris
372 2577 546 2657 quandam
570 2576 751 2656 grangiam
774 2576 867 2639 illius
890 2576 1039 2639 abbatiae
1061 2577 1161 2639 bonis

212 2677 371 2739 omnibus
387 2676 571 2758 spoliatam
588 2675 788 2751 combussit,
809 2682 843 2738 et
856 2676 968 2756 ipsam
986 2675 1160 2737 abbatiam

212 2775 370 2839 similiter
393 2774 575 2857 spoliatam
597 2775 735 2837 omnino
759 2773 867 2855 jussit
890 2773 971 2853 igne
993 2773 1160 2851 cremari3

213 2874 272 2938 sed
295 2874 402 2937 abbas
425 2873 503 2950 loci,
528 2882 568 2937 ut
590 2874 736 2937 aedificia
758 2872 969 2954 sumptuosis
987 2871 1089 2936 valde
1108 2872 1160 2933 la-

214 2974 354 3038 boribus
393 2981 593 3038 constructa
630 2973 794 3047 salvaret,
825 2978 997 3034 trecentas
1028 2989 1162 3033 marcas

214 3074 286 3154 regi
311 3073 517 3147 numeravit,
543 3073 651 3136 etsie
677 3071 752 3154 ejus
772 3070 965 3152 indignatio
988 3071 1164 3152 paulisper

213 3172 375 3236 cessavit.
416 3172 474 3247 Et,
492 3171 545 3234 his
560 3171 611 3235 ita
632 3171 751 3252 gestis,
772 3171 852 3234 fecit
870 3190 932 3233 rex
955 3169 1163 3233 resedificare

213 3270 393 3337 castellum
418 3271 574 3335 Matildis
601 3272 635 3333 in
659 3270 790 3333 Wallia
819 3270 862 3334 de
894 3270 1009 3352 lapide
1039 3278 1073 3333 et
1097 3289 1164 3333 cae-

213 3379 328 3435 mento
352 3370 541 3451 eleganter,
567 3369 701 3451 quoda
722 3370 956 3433 Wallensibus
980 3369 1061 3432 olim
1085 3388 1164 3450 pro·

212 3478 360 3534 stratum
394 3469 520 3546 iuerat,
548 3478 665 3551 atque,
694 3470 830 3551 magnis
862 3470 1055 3550 sumptibus
1085 3487 1163 3531 cum

213 3577 305 3634 esset
326 3588 414 3650 opus
440 3568 585 3637 feliciter
610 3576 896 3642 consummatum,
925 3567 1042 3648 posuit
1063 3567 1099 3627 in
1123 3585 1163 3628 eo

213 3687 275 3732 rex
299 3668 427 3731 milites
447 3677 482 3732 et
503 3668 659 3744 clientes,
686 3668 746 3751 qui
769 3665 982 3730 incursiones
1006 3663 1164 3727 Walleu-

213 3767 302 3830 sium
319 3767 554 3830 resraenarent.

248 3960 256 3992 ¹
272 3964 365 4026 Captus
375 3956 435 4030 esa]
453 3961 548 4022 ‘Capti
560 3967 674 4011 suntau-
704 3961 807 4010 Ricardi
824 3961 856 4009 de
867 3958 1056 4021 Argenthom3'
1072 3957 1166 4008 chron.

213 4037 263 4081 tem
283 4047 299 4081 a
323 4037 394 4093 parte
418 4031 542 4081 lewelini
563 4033 609 4081 duo
630 4033 675 4080 filii
704 4032 797 4080 Duust.
809 4047 836 4093 p.
853 4034 912 4079 205.
