2978 4996
364 434 431 498 244
617 446 751 495 nocam
777 447 824 493 on
848 444 1054 493 wnuoovna

205 620 329 662 sulm
368 604 468 668 annis
496 602 643 683 singulis
672 609 782 665 terras
806 619 889 663 suas
919 609 954 664 et
977 601 1144 663 baronum
1179 620 1319 666 suorum

368 706 508 786 impunc
543 708 774 784 pervagantes
805 709 840 763 et
871 700 1029 762 incendio
1059 708 1188 764 cuncta
1218 702 1319 785 depo-

370 803 530 885 pulantes
557 800 641 863 nihil
671 798 870 880 relinquunt
890 799 1080 878 intactum3
1105 801 1233 882 quibus
1259 822 1318 866 rex

370 901 559 984 respondit,
575 896 749 975 ‘Audict'
766 898 890 979 inquit,
906 902 951 960 ‘a
974 898 1200 963 thesaurariis
1224 903 1321 977 meis,

369 1002 461 1084 quod
485 1000 638 1063 redditus
658 1016 777 1061 omnes
799 997 841 1061 de
865 999 1039 1060 scaccario
1067 1018 1144 1063 meo
1162 999 1223 1063 vix
1241 1002 1320 1064 mibi

370 1100 544 1164 sufficiunt
575 1099 618 1161 ad
650 1097 838 1179 simplicem
870 1098 997 1160 victum
1032 1104 1066 1160 et
1090 1100 1259 1162 vestitum
1289 1111 1322 1165 et

371 1190 622 1281 eleemosynas¹
635 1203 832 1271 consuetas
847 1196 937 1259 unde
955 1206 1144 1278 paupertas
1162 1218 1232 1261 non
1247 1221 1323 1282 per·

372 1299 491 1374 mittit,
507 1306 547 1360 ut
560 1296 701 1360 bellicas
716 1295 898 1377 expediam
916 1297 1082 1359 actiones.
1127 1296 1229 1362 Tunc
1243 1320 1323 1363 con·

373 1399 494 1462 siliarii
524 1397 597 1477 regi
629 1395 890 1477 responderunt,
919 1395 983 1458 ‘Si
1017 1415 1148 1477 pauper
1180 1398 1244 1474 ee,'
1273 1401 1323 1462 in·

374 1499 510 1579 quiunt,
529 1501 537 1528 ‘
553 1496 614 1557 tibi
639 1496 800 1575 imputes,
829 1494 888 1576 qui
916 1493 1063 1557 bonores
1085 1504 1120 1559 et
1147 1499 1324 1562 custodias

375 1615 416 1658 ac
442 1595 630 1676 dignitates
654 1602 818 1657 vacantes
846 1595 896 1658 ita
922 1595 957 1656 in
984 1594 1070 1657 alios
1099 1597 1267 1661 transfers
1291 1607 1325 1662 et

376 1715 398 1758 a
414 1695 497 1758 fisco
514 1694 657 1769 alienaS,
681 1693 773 1774 quod
796 1693 913 1756 necin
938 1693 1068 1756 divitiis
1092 1695 1168 1757 auri
1189 1697 1245 1760 vel
1271 1718 1326 1761 ar·

376 1794 484 1875 genti,
516 1793 575 1857 sed
610 1793 685 1856 solo
721 1792 868 1868 nomine,
895 1812 958 1855 rex
981 1793 1106 1855 debeas
1132 1795 1324 1877 appellari;

377 1914 456 1956 uam
485 1900 721 1956 antecessores
750 1893 870 1966 vestri,
900 1911 999 1972 reges
1031 1893 1205 1973 magnifici
1233 1899 1326 1960 etin

377 1992 471 2057 omni
503 1992 700 2056 divitiarum
736 1991 848 2070 gloria
875 1989 1048 2067 ditissimi,
1082 2011 1151 2056 non
1177 1993 1327 2073 aliunde,

378 2093 438 2156 sed
460 2112 504 2155 ex
523 2092 619 2172 regni
643 2091 794 2154 exitibus
814 2096 850 2152 et
873 2089 1123 2167 emolumentis
1146 2092 1328 2160 thesauros

378 2190 625 2273 impretiabiles
649 2183 918 2270 congesserunt.'
969 2190 1019 2253 At
1037 2209 1098 2252 rex
1125 2193 1170 2254 ab
1195 2194 1247 2256 eis
1278 2197 1328 2258 in-

378 2297 544 2365 structuS,
566 2308 653 2369 quos
675 2290 875 2352 nominatim
898 2290 1090 2370 exprimere
1110 2291 1209 2354 nefas
1226 2304 1329 2370 esset,

380 2396 414 2451 et
429 2387 646 2450 contumeliis
668 2396 889 2468 provocatus,
909 2389 1016 2469 coepit
1031 2407 1053 2451 a
1069 2389 1329 2457 vicecomitibus

380 2495 415 2551 et
430 2486 569 2551 ballivis
586 2487 731 2569 aliisque
747 2487 913 2550 ministris
930 2489 1001 2550 suis
1019 2488 1061 2550 de
1083 2489 1276 2556 redditibus
1296 2502 1329 2557 et

379 2587 483 2650 rebus
510 2587 668 2649 omnibns
690 2586 734 2649 ad
759 2585 832 2649 fisci
856 2587 1069 2650 commodum
1093 2594 1332 2670 spectantibus

380 2686 597 2749 ratiocinium
622 2687 775 2766 exigere,
799 2692 834 2748 et
853 2687 1025 2767 quoslibet
1042 2686 1084 2750 de
1105 2688 1228 2753 fraude
1251 2712 1331 2755 con-

381 2787 493 2849 victos
511 2803 533 2847 a
549 2786 621 2848 suis
638 2783 756 2847 officiis
774 2785 949 2868 deponens
967 2787 1085 2866 exegit
1104 2788 1148 2849 ab
1163 2790 1214 2851 eis
1228 2809 1332 2871 pecu-

382 2887 475 2949 niam
497 2904 593 2948 suam
618 2884 721 2947 etiam
745 2903 821 2946 cum
842 2885 967 2960 usuris,
990 2892 1025 2947 et
1040 2892 1160 2948 tenens
1177 2899 1333 2954 coarcta·

381 2986 442 3048 bat
455 3004 526 3059 eoa,
535 2984 644 3046 donec
653 2983 833 3045 redderent
845 2983 997 3046 debitum
1010 2985 1220 3050 universum.
1263 2989 1336 3054 Ra.

383 3082 547 3164 nulpbum
567 3083 684 3158 etiam,
703 3091 931 3162 cognomento
948 3084 1165 3162 Britannum,
1188 3106 1334 3154 camerae

383 3200 456 3244 suae
483 3180 746 3258 thesaurarium,
769 3182 813 3244 ab
840 3180 951 3245 officio
977 3183 1153 3264 deponens
1176 3188 1270 3268 cepit
1291 3190 1335 3251 ab

383 3280 443 3343 illo
466 3279 559 3342 mille
578 3280 684 3342 libras
707 3281 855 3361 argenti,
881 3288 917 3344 et
934 3282 1011 3345 loco
1036 3283 1129 3346 illius
1154 3288 1337 3352 substituit

385 3377 527 3442 Petrum
555 3379 597 3442 de
623 3372 802 3455 ²Rivallis‚
829 3399 954 3461 genere
982 3379 1236 3448 Pictavensem.
1291 3388 1338 3453 Et

383 3480 435 3542 sic
463 3479 614 3560 undique
643 3479 775 3542 loculos
809 3500 871 3542 rex
891 3480 1032 3562 jejunos
1057 3483 1093 3544 in
1121 3484 1227 3560 brevi,
1255 3486 1339 3551 licet

386 3598 454 3642 nen
471 3579 575 3660 plena
593 3578 755 3659 gravidos
772 3578 928 3661 crapula,
946 3582 1132 3663 reparavit.

421 3771 755 3845 ¹Eleemoryuosconruetm.]
770 3777 847 3838 ltap·
872 3779 1338 3845 verelmonasteries5'l'yr.‚ii.p.8u.

385 3863 460 3909 pem
472 3849 534 3897 from
552 3848 594 3896 the
614 3847 679 3908 Pipa
699 3848 780 3908 Rolls,
794 3847 848 3896 that
909 3843 1055 3910 ’Rivalluq
1072 3848 1220 3900 ‘Orivallis‘
1232 3854 1259 3902 in
1272 3856 1341 3919 MS„

385 3919 456 3967 there
467 3933 535 3967 were
546 3917 633 3978 yearly
643 3917 761 3977 pensione
773 3924 798 3966 to
810 3932 848 3966 oe·
873 3918 919 3965 but
934 3918 1039 3966 marked
1051 3917 1089 3966 tor
1099 3923 1249 3971 correction.
