2978 4996
441 455 506 520 162
696 469 830 518 nonum
855 469 902 516 nn
926 467 1133 516 warnovnn

281 646 404 711 annae.
442 630 554 694 rentia
585 629 608 694 J
611 649 673 693 esu
702 628 845 703 Christi,
876 645 1023 691 censura
1052 626 1286 692 ecclesiastica
1316 627 1394 691 vili-

281 696 406 785 ffiunwor'
443 749 563 811 pensa,
588 748 628 793 ac
659 728 780 792 relicto
810 726 967 791 exercitu
993 724 1205 803 Christiano,
1231 727 1395 809 exposita

280 797 431 861 mmm
444 828 638 893 infidelibus
657 835 750 891 terra
773 834 909 903 sancta,
930 825 1115 890 devotione
1137 826 1256 907 populi
1273 824 1393 889 Chris-

444 928 529 991 tiani
556 928 705 1012 abjecta,
734 927 769 989 in
795 945 896 989 sunm
924 933 960 989 et
983 926 1092 990 totius
1119 924 1393 989 Christianitatis

444 1029 667 1110 opprobrium
687 1032 874 1089 retrorsum
891 1025 977 1089 abiit
992 1026 1188 1089 abstractus
1205 1031 1240 1087 et
1255 1024 1393 1089 illectus

445 1127 488 1189 ad
506 1132 690 1190 consuetas
707 1126 805 1206 regni
820 1124 974 1201 delicias,
996 1124 1224 1207 abjectionem
1240 1125 1396 1207 corporis

445 1225 517 1288 suis
543 1225 675 1289 frivolis
700 1224 995 1300 excusationibus,
1015 1231 1054 1286 nt
1078 1222 1216 1299 dicitnr,
1238 1225 1392 1304 gestiens

444 1325 601 1407 palliare.
642 1322 823 1387 Attendite
847 1342 942 1403 ergo,
964 1329 1001 1386 et
1020 1321 1147 1398 videte,
1167 1322 1197 1385 si
1218 1329 1272 1386 est
1295 1320 1395 1386 dolor

445 1424 535 1487 sicut
561 1422 661 1487 dolor
686 1423 777 1486 sedis
803 1422 1017 1504 apostolicae,
1041 1422 1164 1484 matris
1183 1428 1320 1498 vestrae,
1343 1422 1394 1485 sic

445 1521 630 1585 crudeliter
656 1528 692 1585 et
713 1520 817 1585 toties
845 1522 999 1604 deceptae
1022 1521 1058 1584 in
1082 1519 1164 1597 filio,
1195 1540 1297 1602 quem
1323 1520 1394 1584 lac·

446 1628 593 1698 taverat,
616 1621 652 1684 in
676 1639 777 1702 quem
805 1621 921 1703 posuit
945 1621 980 1683 in
1008 1619 1073 1684 hoc
1095 1618 1188 1684 facto
1215 1620 1289 1702 spei
1316 1639 1392 1684 suae

447 1719 619 1796 fiduciam,
638 1721 675 1782 in
694 1739 796 1801 quem
817 1726 870 1783 tot
883 1720 1126 1784 beneficiorum
1147 1719 1395 1783 abundantiam

447 1819 650 1884 cumularit.
700 1818 934 1883 Dissimulans
955 1819 1105 1895 interim,
1130 1838 1185 1895 ne,
1211 1820 1392 1884 occasione

447 1919 601 1997 inventa,
627 1938 665 1984 se
692 1926 865 1983 averteret
892 1937 913 1982 a
940 1926 1041 1982 terrae
1067 1926 1199 1982 sanotae
1223 1918 1390 1996 subsidio,

447 2019 553 2082 exilia
573 2019 771 2101 praesulum,
788 2017 1025 2100 spoliationes,
1047 2018 1269 2099 captivitates
1285 2025 1321 2081 et
1337 2019 1392 2081 in-

441 2117 554 2200 jurias
571 2117 791 2200 multiplices,
813 2135 900 2199 quas
922 2116 1088 2194 ecclesiis,
1108 2117 1192 2181 viris
1208 2116 1392 2198 religiosis,

446 2217 579 2281 clericis
610 2217 791 2297 irrogavit,
817 2223 852 2279 et
881 2215 1070 2280 obaudiens
1093 2214 1251 2297 querelas
1276 2215 1394 2280 multi·

446 2316 552 2397 plices
575 2334 778 2397 pauperum,
800 2315 1006 2397 populorum
1030 2322 1066 2378 et
1090 2314 1267 2390 nobilium,
1285 2317 1392 2396 patri-

445 2415 551 2477 monii
567 2414 721 2478 ecclesiae
738 2413 962 2477 clamantium
978 2422 1099 2478 contra
1112 2415 1238 2497 ipsum,
1254 2433 1342 2496 quas
1357 2414 1393 2478 iu

445 2529 546 2576 aures
578 2513 720 2577 Domini
749 2511 902 2576 Sabaoth
926 2515 1098 2577 credimus
1121 2514 1293 2577 introisse.
1345 2512 1393 2577 Et

445 2613 604 2693 quamvis
639 2611 785 2676 ecclesia
817 2611 976 2676 Romana
1006 2612 1095 2677 tueri
1126 2613 1251 2676 debeat
1282 2610 1392 2676 filium

446 2720 545 2777 tanta
573 2712 753 2795 diligentia
779 2711 962 2775 educatum
985 2719 1021 2775 et
1049 2711 1306 2793 magnificentia
1329 2731 1392 2776 ex·

446 2813 605 2886 aliatum,
627 2830 719 2876 nunc
743 2811 857 2892 ipsum
879 2811 988 2891 gemit
1013 2811 1088 2874 sine
1112 2810 1227 2874 Marte
1249 2811 1393 2889 victum,

445 2913 576 2994 absque
602 2912 702 2976 hoste
724 2916 949 2992 prostratum,
972 2917 1008 2973 et
1028 2910 1063 2973 in
1085 2928 1158 2973 suae
1180 2910 1393 2975 confusionis

446 3011 666 3093 opprobrium
696 3017 768 3074 tam
802 3009 1031 3091 ignominiose
1062 3008 1245 3092 dejectum.
1308 3010 1393 3076 Nou

447 3110 560 3173 minus
587 3109 695 3190 gemit
717 3109 958 3172 exterminium
990 3109 1162 3172 exercitus
1192 3108 1394 3188 Christiani,

446 3207 506 3288 qui
540 3227 610 3271 non
640 3207 857 3272 inimicorum
879 3208 1004 3290 gladiis
1030 3208 1088 3271 vel
1104 3208 1232 3272 virtute
1254 3206 1393 3287 deiecit,

447 3307 507 3369 sed
540 3306 738 3371 calamitate
760 3314 834 3371 tam
859 3307 1044 3371 miserabili
1074 3314 1128 3371 est
1152 3314 1391 3389 consumptus.

448 3405 565 3470 Gemit
581 3407 697 3483 ctiam,
722 3406 815 3489 quod
834 3425 916 3490 pars
935 3406 1074 3470 residua
1089 3404 1307 3482 bellatorum,
1330 3426 1395 3472 ex·

446 3507 560 3588 posita
581 3507 686 3570 maris
707 3505 871 3588 periculis
897 3514 932 3570 et
955 3505 1116 3570 fluctibus
1136 3512 1397 3588 tempestatum,

446 3604 576 3687 absque
591 3606 688 3684 duce,
706 3612 929 3688 praeceptore,
945 3613 981 3669 et
996 3605 1150 3688 principe
1161 3605 1310 3681 ducitur,
1323 3624 1396 3686 quo

446 3704 596 3784 ignorat,
620 3705 793 3768 modicum
815 3703 1012 3785 profectura
1033 3711 1135 3767 terrae
1152 3711 1283 3767 sanctas
1299 3705 1397 3769 utili·

446 3804 577 3866 tatibus
590 3823 599 3882 ;
627 3805 753 3886 quibus
775 3803 901 3867 debitae
917 3801 1164 3867 consolationis
1179 3803 1343 3867 solatium
1358 3813 1398 3871 et

446 3909 651 3984 opportunae
672 3903 910 3966 subventionis
927 3901 1108 3978 auxilium,
1127 3901 1396 3984 impedientibus

442 3999 516 4081 jam
543 4002 648 4066 maris
673 4001 851 4067 frementis
878 4001 1038 4084 procellis
1071 4002 1306 4084 temporisque
1332 4020 1397 4067 an·

446 4101 575 4177 gustia,
598 4100 706 4178 juxta
727 4109 847 4166 votum
873 4121 940 4164 non
971 4119 1156 4183 possumus
1185 4101 1396 4169 ministrare.

445 4196 563 4261 Gemit
593 4201 734 4281 insuper
763 4198 937 4264 excidium
970 4207 1103 4263 sanctae
1137 4206 1253 4277 terrae,
1289 4221 1397 4283 quam
