2978 4996
473 418 614 468 sinnas
637 418 908 469 ursronmauu.
1096 409 1162 472 109

208 587 243 643 et
264 577 414 642 cilicium
440 577 565 653 induit,
588 585 693 659 atque
717 578 841 653 crines,
870 578 906 640 in
930 579 1054 660 quibus
1079 580 1158 643 lux·
1176 596 1301 685 1appa.

209 678 285 740 uria
315 695 462 758 regnare
497 676 599 750 solet,
630 674 886 756 despicabiliter
912 677 1080 758 praecidit,
1113 687 1161 754 et,
1205 657 1267 695 Μ’

210 777 484 857 quibuscumque
526 773 637 837 modis
675 774 800 856 potuit,
833 775 1025 837 naturalem
1058 795 1160 857 quem

211 873 362 937 babebat
384 872 538 954 corporis
561 871 719 935 decorem
739 873 775 935 in
796 891 931 935 omnem
954 873 1088 937 studuit
1102 875 1161 938 de-

210 971 421 1036 formitatem
443 970 640 1034 transferre.
693 970 761 1033 Sed
786 989 863 1033 cum
890 970 933 1033 ad
962 972 1035 1034 baec
1060 972 1161 1035 nimis

209 1071 360 1134 inaniter
382 1069 587 1144 laborasset,
610 1067 691 1130 dum
717 1087 784 1132 non
809 1071 934 1150 potuit,
957 1069 1160 1151 prohibente

211 1177 350 1244 natura,
373 1167 666 1248 elegantissimam
692 1167 745 1228 sui
764 1168 918 1248 corporis
937 1168 1160 1249 [deformare]

211 1266 485 1349 dispositionem,
509 1284 587 1346 quae
611 1264 760 1327 inomni
784 1264 1004 1329 dimensitate
1025 1266 1162 1329 videba-

212 1372 270 1428 tur
286 1364 386 1447 quasi
408 1363 698 1444 incomparabilis,
721 1363 816 1426 illam
840 1364 1066 1439 solummodo,
1083 1384 1162 1445 quae

212 1463 307 1526 intus
339 1468 428 1538 erat,
459 1461 572 1524 carnis
605 1460 808 1524 munditiam
842 1464 984 1543 perenni
1015 1463 1162 1544 Sponso,

212 1562 273 1643 qui
298 1561 334 1624 in
356 1560 451 1623 caelis
481 1567 547 1634 est,
572 1577 773 1623 consecrare
801 1559 994 1641 disposuit3
1027 1569 1074 1637 et,
1097 1561 1162 1625 hoc

212 1660 427 1741 propositum
455 1665 496 1721 ut
518 1657 659 1720 liberius
690 1657 891 1739 perduceret
917 1659 960 1721 ad
992 1658 1162 1734 effectum,

213 1766 441 1839 spontaneam
464 1763 703 1837 paupertatem
727 1755 843 1835 elegit,
862 1754 1010 1819 officium
1033 1767 1163 1820 sanctae

214 1853 469 1937 praedicationis
492 1854 691 1934 assumpsit,
706 1854 853 1916 vestium
873 1855 1095 1935 asperitatem
1112 1855 1164 1917 in·

214 1954 301 2028 duit,
327 1955 364 2016 in
387 1951 477 2015 lecto
501 1971 563 2033 pro
592 1957 705 2014 stratu
731 1958 888 2028 mattam,
915 1971 978 2034 pro
1003 1952 1163 2015 cervicali
1239 1970 1243 1977 ·

215 2070 352 2127 saxum,
381 2049 515 2125 habuit,
542 2057 647 2130 atque
678 2049 713 2111 in
737 2048 867 2130 vigiliis
895 2050 1106 2113 continuatis
1129 2057 1164 2113 et

211 2149 356 2234 jejuniis
381 2167 519 2212 carnem
546 2146 715 2228 affligere,
741 2148 955 2211 orationibus
987 2148 1164 2224 insistens,

216 2249 252 2310 in
274 2266 387 2311 rerum
407 2245 700 2328 supercaelestium
720 2247 1010 2328 contemplatione
1033 2245 1165 2310 studuit

217 2344 481 2427 infatigabiliter
513 2344 720 2407 conversari.
789 2344 958 2422 Tandem,
994 2364 1072 2408 cunr
1105 2365 1167 2426 per

219 2443 405 2508 multorum
436 2442 606 2506 curricula
634 2461 802 2506 annorum
825 2444 860 2506 in
888 2444 981 2507 omni
1005 2445 1165 2526 perfecti·

220 2561 287 2605 one
314 2549 349 2605 et
372 2542 456 2605 vitas
483 2541 669 2604 sanctitate
698 2542 774 2604 Deo
803 2540 938 2622 placere
961 2551 996 2605 et
1019 2561 1167 2624 evange·

219 2639 304 2703 lium
324 2641 420 2722 pacis
440 2659 502 2721 per
523 2637 684 2701 civitates
706 2647 741 2702 et
757 2640 912 2715 castella,
936 2647 971 2702 et
993 2642 1166 2721 praecipue

218 2739 321 2801 sexui
342 2737 512 2813 muliebri,
534 2737 722 2818 praedicare
740 2737 932 2811 studuerat,
951 2737 1075 2799 invidit
1092 2738 1167 2819 ejus

219 2837 422 2918 perfectioni
440 2835 580 2897 humani
605 2834 741 2916 generis
764 2835 933 2909 inimicus,
956 2842 991 2897 et
1007 2854 1070 2915 per
1088 2854 1166 2916 sep·

219 2943 290 2999 tem
324 2953 458 2997 menses
488 2933 525 2995 in
551 2940 605 2996 tot
634 2933 785 3014 puellam
820 2951 860 2995 ac
892 2932 1018 2995 talibus
1054 2952 1167 2995 rerum

219 3031 427 3097 secularium
466 3031 715 3095 tentationibus
759 3030 990 3112 submergere=
1021 3032 1167 3107 curavit,

221 3129 325 3212 quod,
353 3130 420 3193 nisi
449 3130 480 3193 ei
513 3129 668 3192 divinum
701 3129 869 3193 adfuisset
890 3129 1070 3206 auxilium,
1093 3150 1167 3195 om·

219 3229 280 3291 nia
309 3229 401 3291 bona
434 3229 516 3291 vitae
552 3227 779 3309 praecedentis
818 3228 934 3292 studia
969 3230 1165 3307 amisisset3

219 3327 360 3391 reduxit
389 3344 537 3408 namque
570 3326 601 3388 ei
637 3326 680 3389 ad
717 3334 865 3392 mentem
901 3326 1059 3391 diabolus
1094 3328 1167 3391 die·

218 3426 286 3488 bus
308 3424 410 3487 simul
433 3432 468 3488 et
486 3424 645 3487 noctibus
667 3424 799 3506 praedia
820 3433 1001 3507 parentum
1026 3445 1168 3489 suorum

215 3542 298 3606 qnae
320 3523 508 3605 reliquerat
524 3522 794 3598 foeeundissima,
810 3525 988 3587 vinearum
1005 3523 1168 3587 fertilium

220 3622 464 3697 emolumenta,
497 3622 612 3703 spatia
648 3629 824 3703 pratorum
862 3621 1095 3685 amoenissima
1134 3629 1170 3686 et

221 3720 345 3784 florum
375 3720 590 3784 diversorum
619 3720 788 3784 varietate
817 3719 991 3793 distincta,
1024 3717 1169 3781 fontium

219 3819 483 3883 scaturientium
508 3826 543 3881 et
565 3819 753 3881 rivulorum
776 3818 930 3881 suaviter
956 3835 1168 3880 murmuran-

219 3918 307 3980 tium
329 3917 594 3993 oblectamenta,
618 3916 791 3998 lignorum
814 3917 849 3978 in
875 3914 1069 3978 nemoribus
1091 3934 1170 3997 pro·

218 4014 410 4091 ceritatem,
429 4015 536 4096 prolis
558 4014 831 4090 foecunditatem,
849 4014 966 4077 viriles
989 4013 1170 4094 amplexus

220 4133 262 4178 ac
282 4114 417 4178 veneris
438 4114 530 4179 inter
555 4133 684 4178 marem
708 4124 743 4178 et
766 4112 942 4178 foemiuam
968 4104 1180 4178 delectatio?
