2978 4996
375 430 518 479 rnonns
543 431 815 483 nrsronrnnun.
1002 421 1065 484 131

113 584 324 664 mulieribus,
347 590 513 670 parvulis,
536 609 670 654 necnon
696 598 732 654 ct
755 590 960 654 animalibus
987 610 1064 654 cnm
1079 605 1201 694 giso-¹32⁶<

109 684 290 767 jumentiS,
305 688 349 750 ab
367 708 484 751 eorum
505 691 692 770 praesentia
714 689 852 770 longius
872 710 1065 767 removens
1079 667 1185 754 Αἷῗῖπῖπ·

114 803 215 848 omne
247 786 296 848 eis
329 786 570 852 alimentorum
603 808 714 869 genus
746 790 935 853 subtraxit.
988 789 1064 854 Nec

115 883 205 946 euim
239 885 455 950 solummodo
481 887 649 963 homines,
675 907 796 952 verum
822 889 926 951 etiam
958 907 1065 970 equos

115 983 289 1047 exercitus
320 992 358 1049 et
382 985 542 1069 jumenta
576 986 684 1050 fames
723 986 905 1062 exstinxit,
937 987 1067 1052 lecerat

116 1099 265 1164 namque
297 1102 413 1148 comes
448 1086 656 1167 saepedictus
692 1093 794 1168 prata
830 1086 922 1149 arari
957 1087 1065 1150 totius

117 1181 280 1261 regionis,
312 1202 375 1247 nec
408 1192 483 1247 erat
510 1185 678 1267 jumentis
708 1185 827 1266 pabuli
862 1185 1065 1262 subsidium,

116 1279 183 1342 nisi
206 1281 297 1363 qnod
329 1282 375 1345 ibi
404 1282 557 1347 delatum
579 1284 692 1348 suerat
720 1304 764 1347 ex
793 1284 951 1366 partibus
978 1283 1064 1347 Gal-

115 1377 261 1458 licanis3
289 1381 392 1458 unde,
424 1383 628 1447 necessitate
655 1389 813 1464 cogente,
837 1384 955 1447 multae
980 1384 1066 1464 legi·

116 1496 200 1540 ones
228 1488 438 1544 armatorum
472 1501 494 1545 a
524 1482 647 1546 castris
680 1483 890 1558 recedentes,
923 1490 963 1546 ut
993 1483 1064 1546 vic-

116 1576 226 1640 tualia
256 1588 451 1661 quaererent
481 1581 676 1644 hominibus
709 1589 744 1646 et
775 1583 904 1663 pabula
930 1582 1065 1664 jumen-

116 1675 174 1752 tis,
197 1678 307 1741 multa
333 1681 563 1761 repugnantia
588 1680 654 1743 sibi
677 1681 864 1762 municipia
889 1689 1064 1762 ceperunt,

118 1781 154 1837 et
169 1776 345 1841 multoties
369 1797 392 1841 a
418 1781 544 1843 comite
569 1778 781 1853 Tholosano,
805 1779 864 1860 qui
889 1798 965 1841 cum
992 1781 1065 1844 suis

116 1881 190 1938 erat
217 1876 412 1956 agminibus
446 1878 481 1940 in
519 1877 654 1941 insidiis
686 1877 908 1952 constitutus,
940 1877 1066 1940 damna

117 1992 187 2036 non
226 1975 361 2040 modica
403 1977 632 2058 pertulerunt.
703 1974 746 2037 In
774 1975 952 2038 obsidione
983 1995 1066 2038 vero

119 2070 313 2154 Galligenis
350 2068 477 2138 ¹multa
512 2075 737 2138 imminebant
771 2075 864 2137 necis
901 2074 1066 2154 pericula,

116 2171 208 2234 inter
231 2191 319 2253 quos
347 2173 526 2238 fervebant
546 2175 761 2257 potissimum
787 2172 983 2237 mortalitas
1006 2172 1068 2236 ho·

117 2271 247 2334 minum
276 2280 312 2336 et
333 2292 513 2354 equorum,
540 2274 611 2336 tela
642 2271 818 2336 mortifera
849 2280 884 2337 et
910 2271 1068 2335 damnosi

117 2368 251 2452 lapides
277 2372 404 2435 civium
430 2391 468 2435 se
496 2372 639 2436 viriliter
668 2372 936 2448 defendentium,
959 2372 1067 2436 lames

119 2469 304 2549 generalis,
337 2478 373 2534 et
401 2472 574 2553 praecipue
608 2471 698 2535 inter
728 2490 911 2553 pauperes,
943 2471 1068 2553 quibus

118 2566 237 2632 deerat
259 2588 337 2631 curn
369 2570 516 2651 pecnnia
541 2570 767 2647 alimentum3
804 2577 909 2651 atquo
942 2577 1070 2650 praeter

117 2673 246 2730 caetera
268 2669 481 2732 miseriarum
508 2669 737 2743 incommoda,
760 2686 838 2749 quae
860 2669 934 2730 sine
963 2668 1069 2730 intor-

119 2767 282 2830 missione
309 2768 559 2848 grassabantur
581 2769 616 2830 in
639 2766 781 2849 populo,
802 2766 1002 2829 oriebantur
1023 2785 1069 2827 cx

119 2865 345 2931 cadaveribus
362 2866 598 2949 jumentorum
626 2874 663 2929 et
685 2865 873 2940 hominum,
891 2883 969 2945 quae
989 2882 1069 2945 pas·

120 2964 185 3027 sim
209 2966 455 3043 moriebantur,
476 2984 604 3029 muscae
626 2964 784 3046 quaedam
808 2983 939 3045 grossas
962 2969 997 3025 et
1016 2962 1070 3025 ni·

119 3063 292 3144 gerrimae,
307 3084 384 3145 quae
400 3066 490 3128 iuter
503 3065 665 3140 tentoria,
681 3063 873 3145 papiliones
886 3071 922 3126 et
933 3063 1071 3125 umbra·

119 3162 199 3225 cula
218 3163 414 3245 ingerentes
437 3164 544 3245 dapes
563 3164 762 3227 inficiebant
777 3170 813 3227 et
829 3163 966 3245 pocula,
984 3180 1071 3242 quas

120 3280 198 3323 cum
222 3280 323 3326 nemo
348 3281 465 3326 arcere
488 3270 625 3344 poterat
647 3281 668 3324 a
689 3261 854 3326 calicibus
877 3269 912 3325 et
934 3261 1070 3337 catinis,

120 3367 267 3423 mortem
291 3359 485 3443 Galligcnis
512 3362 663 3424 subitam
685 3360 889 3424 inferebant.
943 3360 1071 3424 Consu-

120 3459 174 3522 sio
196 3478 312 3540 regem
333 3468 369 3524 et
389 3460 562 3543 praeoipne
585 3459 739 3541 legatum
762 3460 902 3536 invasit,
924 3460 1018 3540 qnia,
1041 3459 1070 3521 si

122 3563 222 3621 tanta
238 3559 388 3641 talisque
405 3559 581 3642 expeditio
603 3559 732 3623 inlecto
754 3558 913 3623 recedere
931 3557 1071 3637 negotio

120 3664 315 3738 cogeretur,
346 3659 566 3740 opprobrium
594 3667 665 3722 tam
700 3658 827 3721 Franci
859 3657 1073 3719 incurrerent

121 3774 227 3838 qnam
253 3757 416 3823 Romani.
469 3758 569 3822 Tunc
593 3757 767 3841 principes
789 3754 975 3829 exercitus,
996 3753 1072 3834 qui·

159 3962 166 3993 ¹
177 3965 261 4014 Multo
272 3966 429 4015 imminebunt
441 3966 507 4016 necis
521 3966 584 4030 peri-
610 3966 659 4014 bns
670 3968 696 4013 et
706 3963 821 4024 lapidum
829 3961 925 4020 volatu,
935 3964 961 4008 et
971 3960 1074 4008 infirmi·

119 4034 198 4118 culm]
215 4035 330 4085 ‘Ibidem
338 4041 423 4086 tamen
434 4037 585 4118 mortalitate
611 4040 663 4084 tute
686 4034 798 4114 propria,
819 4025 984 4112 moriuntur&
1009 4030 1070 4079 Rec.

121 4106 587 4225 namiussilltlbnlillllff
612 4105 657 4153 ‘¹²‘
672 4104 923 4161 ¹³¹⁸“‘⁰m'¹'¹¹‘¹''
937 4103 994 4150 ³⁰⁹·

926 4268 971 4312 Η
