2978 4996
367 476 508 525 rnonns
531 478 800 527 nrsronrnnuu.
991 464 1056 527 145

103 629 248 707 sionem,
268 650 346 693 cum
366 633 483 696 multis
506 634 595 711 aliis,
613 635 700 699 vidit
719 642 889 699 mercator
902 636 1054 718 qnidam,
1068 653 1122 694 nn.
1134 653 1187 691 ικκν.

106 731 166 809 qui
189 729 316 812 piscem
347 732 384 793 in
413 725 521 795 rheda
549 733 631 796 tulit
661 734 704 797 ad
732 735 960 811 vendendum,
985 756 1053 799 non

103 827 208 909 longe
232 849 255 892 a
276 830 354 893 vico
384 832 442 912 qui
466 830 689 914 erbregge
713 842 954 915 nuncupatur;
984 855 1054 915 qua

106 926 248 990 insolita
273 929 419 1004 visione,
435 929 618 1011 splendore
636 950 772 1012 quoque
794 933 996 1013 perterritus
1017 941 1053 996 et

107 1027 207 1106 quasi
235 1026 271 1089 in
297 1028 412 1090 extasi
437 1035 570 1109 raptus,
594 1030 692 1092 stetit
717 1031 897 1106 attonitus,
921 1031 1053 1112 etquid

107 1133 226 1203 ageret
256 1126 451 1206 ignorabat.
515 1127 625 1190 Filius
658 1147 740 1192 vero
774 1128 921 1191 bominis
948 1129 1053 1207 illius,

106 1241 209 1303 quem
230 1223 368 1287 unicum
397 1224 518 1289 habuit
540 1227 683 1303 socium,
699 1234 832 1309 patrem
854 1228 1053 1292 confortans

107 1319 277 1397 hortatur,
292 1330 331 1385 nt
346 1323 487 1386 rhedam
500 1324 602 1389 sistat
620 1333 655 1389 et
667 1325 853 1388 Dominum
870 1327 1051 1407 glorificet,

107 1421 167 1502 qui
190 1422 254 1485 sibi
278 1422 382 1484 talem
407 1423 644 1504 dignatusest
670 1425 850 1488 ostendere
873 1426 1052 1490 visionem.

108 1518 152 1581 In
168 1521 318 1583 crastino
340 1540 436 1598 vero,
457 1529 493 1585 et
509 1523 655 1603 singulis
677 1531 799 1605 postea
820 1525 952 1601 diebus,
976 1527 1050 1588 ubi-

107 1638 252 1701 cumque
270 1619 398 1701 piscem
413 1640 512 1683 snum
524 1622 681 1685 venalem
698 1624 873 1705 exposuit,
885 1624 1052 1687 visionem

106 1718 290 1794 caelestem,
316 1737 420 1800 quam
438 1718 584 1796 viderat,
607 1722 765 1783 omnibus
788 1731 906 1803 aperte
928 1723 1052 1805 praedi-

103 1818 210 1894 cavit,
241 1816 394 1880 adhibito
423 1817 484 1881 filii
512 1819 566 1880 sui
595 1818 814 1898 testimoni03
842 1820 931 1883 unde
961 1821 1051 1885 sicut

103 1915 204 1978 multi
231 1915 332 1979 dictis
353 1934 471 1979 eorum
496 1916 597 1980 fidem
624 1916 865 1994 adhibuerunt,
893 1920 944 1982 ita
966 1938 1051 1981 non-

103 2014 191 2078 nulli
219 2022 511 2097 contempserunt,
537 2015 646 2078 donec
669 2036 730 2097 per
752 2016 880 2079 similes
902 2016 1052 2079 visiones

104 2121 139 2177 et
160 2114 328 2190 assiduas,
349 2132 427 2196 quae
449 2114 567 2176 eodem
592 2123 746 2195 tempore
768 2114 886 2177 multis
911 2115 947 2176 in
967 2113 1052 2177 locis

103 2212 249 2277 diversis
267 2220 514 2294 apparuerunt,
529 2213 571 2275 ad
590 2213 795 2276 credendum
812 2213 945 2276 inducti
959 2221 1052 2290 sunt,
1150 2203 1153 2209 ’

104 2312 139 2374 in
166 2312 292 2394 quibus
318 2313 393 2393 ipse
418 2310 614 2374 Crucifixus
641 2310 762 2375 caelum
790 2331 942 2375 reserare
975 2312 1051 2393 dig-

105 2419 208 2474 natus
234 2417 342 2473 estet
366 2410 511 2491 gloriam
534 2429 631 2473 suam
658 2411 860 2474 mirabiliter
883 2430 962 2474 cum
986 2412 1050 2473 im·

105 2529 222 2573 menso
252 2509 379 2571 lumine
410 2508 595 2570 incredulis
624 2509 789 2572 revelare.
843 2509 939 2572 Inter
964 2510 1051 2572 alios

104 2616 234 2683 autem,
261 2607 321 2689 qui
349 2607 392 2669 de
417 2626 524 2687 regno
546 2605 686 2688 Angliae
712 2609 871 2671 exierunt
898 2609 934 2670 in
963 2627 1051 2689 opus

103 2707 282 2782 Crucifixi,
297 2706 362 2769 iter
371 2706 590 2786 arripuerunt
606 2706 670 2768 viri
684 2705 908 2782 venerabiles,
925 2705 1051 2768 Petrus
1159 2744 1163 2751 ·

102 2804 354 2870 Wintoniensis
381 2813 416 2868 et
439 2803 636 2867 Willelmus
657 2804 864 2866 Exoniensis
886 2804 1051 2884 episcopi,

102 2906 161 2988 qui
180 2901 466 2986 peregrinationis
479 2922 552 2966 suae
566 2908 683 2965 votum
696 2901 767 2964 fere
785 2921 846 2984 per
859 2902 1051 2983 quinquen-

102 3005 199 3068 nium
215 3002 434 3065 laudabiliter
447 3002 716 3083 compleverunt.

197 3175 350 3249 Quomodo
364 3177 515 3261 capotium
530 3177 631 3240 cruc-is
638 3177 746 3260 fuerit
759 3177 813 3241 loc
830 3185 960 3260 tompore

458 3284 685 3360 properatum.

152 3397 234 3461 Hoc
261 3398 369 3478 igitur
393 3399 570 3479 negotium
596 3398 720 3474 crucis,
744 3398 932 3480 qualiter
923 3417 958 3460 rn
986 3396 1195 3499 bacuopffir

99 3497 253 3560 motione
269 3497 315 3559 sit
331 3506 583 3578 prosperatum,
598 3497 634 3559 in
651 3496 704 3559 bis
726 3497 949 3577 sequentibus
971 3494 1106 3558 lite-na
1061 3509 1093 3596 ἓν
1093 3511 1177 3598 pauper
1183 3471 1202 3507 ’

97 3597 159 3672 ris,
188 3615 277 3676 quas
303 3613 395 3676 papa
419 3596 610 3677 Gregorius
638 3595 797 3658 omnibus
819 3594 948 3656 Christi
968 3593 1048 3655 fide·
1061 3609 1186 3697 ptum
1116 3609 1199 3648 κνοκτ

97 3692 189 3757 libus
213 3693 353 3769 direxit,
376 3695 570 3758 ostenditur
599 3694 799 3757 evidenter:
831 3692 1048 3772 ‘Gregorius

95 3793 292 3874 episcopus,
313 3812 435 3855 servus
457 3812 634 3857 servornm
653 3792 733 3868 Dei,
744 3791 901 3854 omnibus
919 3789 1049 3853 Christi

97 3891 255 3955 fidelibus
273 3892 432 3968 salutem,
447 3900 483 3955 et
499 3899 635 3955 caetera.
679 3889 827 3953 Noverit
842 3888 1049 3951 universitas

97 3998 224 4066 vestra,
232 4009 295 4054 nos
305 3989 347 4053 de
357 3992 513 4070 partibus
523 3990 761 4054 transmarinis
772 3987 965 4068 suscepisse
975 3986 1049 4048 lite-

97 4108 155 4152 ras
167 4089 309 4152 subhac
321 4088 448 4167 forma3
466 4086 687 4173 G[eroldus],
699 4086 918 4151 miseratione
931 4084 1049 4148 divina

97 4188 297 4269 patriarcha
314 4187 667 4272 Hierosolymitanns,
682 4186 819 4250 humilis
834 4194 870 4250 et
885 4185 1049 4265 indignus

148 4302 228 4350 von.
253 4303 298 4349 lv.
878 4302 900 4346 n
