2978 4996
367 438 435 505 276
621 450 756 500 nonani
780 449 828 498 nn
850 449 1059 498 wsunovna

206 627 262 669 nn.
274 627 329 667 12³⁸·
366 612 472 676 etiam
500 610 722 674 firmaverant
747 606 952 690 interposito
973 606 1184 690 juramento.
1236 605 1319 669 Rex

367 719 483 775 autem
512 729 590 773 cum
618 707 855 789 indignatione
885 705 1073 787 respondit,
1106 704 1198 786 quod
1229 704 1317 768 illud

368 830 437 875 nou
464 808 632 884 redderet,
658 807 719 870 sed
743 806 813 870 alia
840 806 955 887 potius
983 805 1058 887 ejus
1082 804 1228 868 castella
1249 803 1316 867 sibi

368 910 584 992 subjugaret.
637 906 705 970 Sed
727 905 816 969 idem
840 903 1081 979 Marescallus,
1103 922 1182 966 cum
1205 921 1317 985 neque

369 1008 471 1071 fidem
493 1026 604 1088 neque
624 1005 861 1089 juramentum
878 1003 934 1065 vel
955 1021 1075 1084 pacem
1097 1001 1250 1083 aliquam
1266 1002 1318 1066 vi-

370 1107 468 1169 derat
485 1125 506 1168 a
520 1106 613 1186 regis
635 1103 840 1189 consiliariis
858 1103 1045 1177 observari,
1060 1101 1203 1180 collegit
1219 1118 1320 1164 exer·

371 1206 476 1268 citum
494 1205 683 1286 copiosum,
699 1209 734 1265 et
750 1200 942 1276 castellum,
960 1200 1053 1281 quod
1073 1219 1174 1262 sunm
1192 1199 1318 1275 suerat,

371 1302 550 1368 obsidione
565 1301 722 1377 vallavit,
743 1299 920 1363 machinas
941 1318 1003 1380 per
1020 1318 1142 1383 gyrum
1161 1298 1321 1362 adhibuit

373 1410 408 1466 et
424 1401 645 1482 municipium
664 1399 750 1462 illud
770 1398 839 1461 levi
855 1398 993 1477 negotio
1014 1397 1080 1460 sibi
1101 1396 1316 1479 subjugavit.

423 1500 509 1561 Erat
535 1499 667 1562 interea
690 1517 753 1561 rex
777 1497 869 1578 apud
896 1496 1244 1561 westmonasterium
1274 1496 1318 1560 ad

236 1574 259 1601 ‘¹
291 1622 308 1651 r·
372 1590 584 1678 colloquium'
608 1596 755 1677 septimo
775 1596 853 1658 idus
875 1594 1048 1671 Octobris,
1069 1595 1159 1658 sicut
1175 1615 1322 1676 magna·

372 1696 465 1758 tibus
487 1695 703 1776 promiserat,
726 1702 765 1758 ut
784 1714 846 1777 per
865 1713 984 1758 eorum
1004 1693 1182 1757 consilinm
1203 1713 1321 1758 emen·

373 1793 471 1857 daret
487 1813 541 1871 ea,
562 1814 640 1875 quae
661 1795 698 1857 in
720 1813 828 1875 regno
850 1793 989 1857 fuerant
1006 1792 1232 1874 corrigenda;
1257 1793 1319 1858 sed

373 1892 541 1976 iniquum,
558 1894 651 1974 quod
663 1900 745 1956 tunc
761 1893 981 1975 sequebatur,
998 1891 1179 1956 consilium
1196 1892 1231 1955 id
1245 1892 1320 1957 fieri

373 2012 442 2056 non
461 1993 628 2074 permisit.
682 1991 806 2055 Plures
827 1998 942 2054 autern
966 1989 1131 2073 episcopi,
1153 1991 1215 2073 qui
1231 2011 1320 2073 pras-

373 2098 489 2154 sentes
506 2098 617 2166 erant,
634 2110 750 2172 regem
767 2089 941 2153 humiliter
956 2091 1128 2171 rogabant
1144 2089 1180 2152 in
1198 2089 1320 2154 Domi·

373 2208 431 2265 no,
451 2196 622 2271 quatenus
649 2206 770 2269 pacem
792 2188 921 2252 laceret
937 2207 1016 2251 cum
1038 2188 1225 2252 baronibus
1246 2189 1319 2253 suis

373 2294 409 2350 et
423 2287 606 2360 nobilibus,
628 2305 716 2368 quos
737 2288 869 2370 absque
878 2287 1011 2371 judicio
1027 2287 1161 2368 parium
1176 2306 1319 2351 snorum

373 2384 589 2460 exulaverat,
601 2385 702 2448 villas
729 2405 847 2449 eornm
865 2395 900 2450 et
919 2385 1064 2449 aedificia
1087 2386 1168 2467 igne
1189 2405 1318 2450 crema·

373 2490 484 2558 verat,
512 2483 619 2546 silvas
649 2491 685 2547 et
714 2485 868 2566 pomeria
900 2483 1105 2561 succiderat,
1134 2504 1258 2566 parcos
1283 2492 1320 2549 ot

372 2588 500 2664 stagna
512 2582 743 2647 destruxerat.
796 2582 995 2647 Proditores
1012 2602 1072 2647 eos
1084 2584 1243 2661 vocabat,
1258 2604 1321 2668 per

372 2699 460 2761 quos
483 2699 602 2763 pacem
624 2682 721 2763 regni
743 2681 798 2745 sui
820 2689 856 2745 et
871 2681 1015 2746 consilia
1031 2682 1190 2746 ordinare
1208 2690 1244 2747 et
1258 2703 1319 2747 no·

373 2780 470 2860 gotia
496 2780 677 2861 disponere
711 2781 866 2845 debebat.
919 2779 976 2844 Ad
1007 2780 1081 2844 haec
1108 2782 1320 2863 respondens

373 2878 511 2955 Petrus,
525 2878 777 2943 Wintoniensis
799 2880 992 2961 episcopus,
1010 2880 1113 2957 dixit,
1134 2881 1226 2962 quod
1250 2901 1319 2946 non

372 2985 454 3041 sunt
468 2996 570 3059 pares
584 2978 620 3039 in
638 2976 781 3058 Anglia,
798 2978 889 3041 sicut
907 2978 943 3040 in
959 2997 1067 3058 regno
1083 2978 1317 3058 Francorum

372 3074 462 3137 unde
483 3076 564 3139 licet
589 3076 663 3155 regi
685 3074 878 3158 Anglorum
904 3096 966 3157 per
983 3077 1209 3160 justiciarios,
1231 3098 1319 3162 qnos

372 3173 601 3250 constitnerit,
626 3175 798 3257 quoslibet
822 3175 864 3238 de
891 3195 998 3257 regno
1020 3195 1097 3240 reos
1118 3177 1264 3242 exulare
1284 3185 1320 3243 et

372 3271 544 3334 mediante
571 3272 705 3354 judicio
736 3275 975 3339 condemnare.
1036 3275 1201 3359 Episcopi
1232 3296 1318 3359 qno·

372 3388 439 3450 que
465 3369 539 3434 baec
559 3371 738 3436 audientes
760 3375 861 3455 quasi
876 3392 947 3436 una
962 3393 1046 3438 voce
1061 3376 1319 3440 comminaban-

371 3472 440 3544 tur,
472 3470 565 3550 quod
596 3470 798 3535 nominatim
827 3474 1165 3537 excommunicarent
1194 3476 1318 3558 princi·

370 3567 466 3647 pales
492 3570 584 3648 regis
611 3570 825 3634 consiliarios
853 3573 1011 3653 iniquos;
1046 3591 1090 3635 ex
1124 3573 1251 3654 quibus
1281 3575 1317 3638 iu

370 3668 484 3748 capito
506 3675 751 3750 expresserunt
774 3669 930 3746 Petrum,
946 3670 1225 3736 wintoniensem
1246 3673 1317 3755 epi·

369 3783 523 3848 scopum,
540 3767 699 3831 etlilium
722 3768 797 3850 ejus
821 3769 965 3833 Petrum
988 3769 1030 3834 de
1055 3769 1218 3849 Rivallis,
1240 3771 1316 3836 Sto·

368 3864 521 3944 phanum
541 3866 583 3929 de
602 3866 767 3950 Segi-ave,
790 3868 1037 3952 justiciarium,
1062 3876 1098 3933 et
1122 3869 1313 3936 Robertum

369 3961 576 4041 Passelewe,
604 3965 869 4031 thesaurarium.
935 3967 1071 4046 Quibus
1107 3971 1317 4051 respondens

368 4058 495 4125 Petrus
510 4063 761 4129 Wintoniensis
785 4067 952 4148 allegavit
974 4068 1067 4148 quod
1096 4067 1220 4134 Romae
1243 4069 1315 4134 fue·

367 4167 421 4221 rat
444 4179 465 4222 a
488 4181 623 4227 summo
646 4166 808 4246 pontifice
831 4166 1014 4249 episcopus
1037 4177 1261 4234 consecratus
1283 4175 1318 4233 ot
