2978 4996
430 424 474 487 94
689 440 822 487 uocum
847 440 894 487 nu
918 439 1125 487 wnnuovna

268 612 323 651 ab·
335 612 390 652 ¹²²⁴·
432 607 504 663 tate
522 606 672 683 recepta,
689 593 779 663 'sine
794 597 973 681 sanguinis
988 597 1154 662 effusione
1175 598 1218 661 ad
1243 603 1384 683 propria

431 701 573 781 pacifice
590 699 767 764 remeavit.
820 698 885 779 Est
900 704 1016 761 autem
1034 697 1187 780 Rupella
1208 707 1330 780 portus
1347 701 1382 763 in

432 798 601 876 Pictavia,
623 800 681 862 ubi
704 816 803 879 reges
825 797 1019 878 Anglorum
1045 805 1082 861 et
1105 797 1232 861 milites
1255 798 1299 861 ad
1323 800 1383 863 de·

430 898 619 962 sensionem
637 899 815 979 regionum
838 896 975 959 illarum
999 897 1174 979 applicare
1191 917 1382 962 consueve-

429 1005 520 1074 rant,
545 998 670 1079 quibus
691 1016 783 1060 nunc
800 995 857 1059 via
880 994 1050 1077 praeclusa
1071 1003 1125 1058 est
1141 1015 1203 1078 per
1224 996 1381 1074 insidias,

429 1115 507 1178 quae
523 1097 589 1161 sibi
606 1115 628 1159 a
642 1096 713 1160 suis
730 1095 915 1159 baronibus
931 1094 968 1157 iu
983 1093 1114 1175 Anglia
1131 1096 1355 1176 parabantur.

495 1266 544 1331 Do
557 1265 711 1332 obsidione
725 1268 822 1333 castrt
835 1266 1072 1351 Bodesordeusis
1085 1276 1114 1332 et
1128 1267 1165 1332 de
1181 1267 1311 1334 macilis

767 1368 808 1431 N
804 1367 1038 1432 orlomtoosrui.

284 1512 326 1591 σοαπ
363 1514 376 1542 ο
479 1489 548 1553 Per
575 1491 664 1554 idem
688 1499 824 1575 tempus
847 1499 1081 1557 convenerunt
1103 1491 1147 1555 ad
1170 1490 1380 1575 colloquium

275 1613 309 1642 on·
427 1590 463 1652 in
494 1591 628 1653 octavis
661 1599 792 1656 sanctae
821 1591 1006 1655 Trinitatis
1037 1591 1130 1674 apud
1166 1590 1379 1656 Norbamto·

428 1707 508 1751 nam
537 1708 599 1752 rex
629 1708 707 1752 cum
730 1689 1010 1773 archiepiscopis,
1034 1690 1217 1773 episcopis,
1243 1691 1379 1755 comiti·

428 1788 504 1864 bus,
525 1789 712 1852 baronibus
732 1798 768 1853 et
784 1789 862 1853 aliis
888 1789 1018 1864 multis,
1042 1789 1086 1853 de
1109 1791 1207 1872 regni
1229 1791 1379 1872 negotiis

427 1889 635 1967 tractaturi3
666 1889 778 1953 voluit
799 1888 889 1953 euim
912 1907 974 1951 rex
995 1887 1047 1950 uti
1068 1888 1212 1953 consilio
1235 1908 1379 1971 magna-

428 1994 499 2050 tum
534 2007 675 2053 suorum
705 1989 748 2052 de
778 1987 879 2052 terris
910 1987 1162 2064 transmarinis,
1192 2007 1281 2070 quas
1314 2008 1378 2054 rex

429 2085 640 2151 Francorum
663 2087 830 2170 paulatim
849 2092 1092 2167 occupaverat,
1114 2086 1175 2149 sed
1202 2106 1302 2151 secus
1319 2107 1377 2151 ac·

427 2185 511 2250 cidit
536 2205 639 2268 quam
663 2187 837 2269 sperabat.
892 2185 1026 2267 Nempe
1054 2185 1193 2249 fuerunt
1220 2206 1261 2250 eo
1292 2193 1376 2250 teru-

427 2303 511 2365 pore
542 2284 633 2366 apud
661 2284 907 2367 Dunstapliam
934 2284 1122 2367 justiciarii
1154 2285 1257 2367 regis,
1288 2305 1376 2368 quos

428 2383 662 2447 ‘itinerantes’
678 2384 903 2466 appellamus,
920 2383 1095 2447 Martinus
1106 2384 1238 2449 scilicet
1251 2384 1294 2448 de
1307 2384 1377 2449 Pa·

428 2480 586 2559 tesbulle,
598 2481 751 2547 Thomas
767 2484 810 2548 de
826 2483 1017 2560 Muletona,
1030 2483 1205 2548 Henricus
1223 2484 1265 2549 de
1276 2484 1375 2549 Brai-

427 2581 520 2658 broc,
544 2589 579 2646 et
608 2582 678 2659 alii,
701 2584 762 2665 qui
786 2583 911 2648 ibidem
937 2585 1101 2648 tenebant
1127 2583 1257 2666 placita
1285 2585 1376 2667 regis

426 2679 469 2743 de
495 2700 587 2746 nora
611 2683 819 2762 dissaisina3
853 2683 912 2746 ubi
945 2682 1125 2748 Falcasius
1156 2683 1247 2748 inter
1276 2684 1376 2761 alios,

427 2781 486 2861 qui
515 2782 643 2847 multos
670 2783 893 2865 spoliaverat,
923 2782 1049 2846 cecidit
1073 2782 1109 2846 in
1141 2783 1376 2848 misericordia

427 2880 518 2961 regis
533 2882 576 2945 de
592 2883 776 2964 plusquam
792 2881 939 2962 triginta
960 2880 1101 2962 paribus
1121 2881 1311 2959 literarum,
1333 2883 1377 2946 de

425 2981 550 3060 quibus
574 2981 721 3062 singulis
744 2981 779 3044 in
804 2987 942 3045 centum
961 2980 1057 3044 libris
1079 3001 1163 3062 erga
1181 3001 1296 3064 regem
1316 2982 1376 3046 de·

424 3077 548 3142 buerat
573 3080 806 3143 condemnari.
859 3079 940 3144 Hoc
965 3081 1084 3162 itaque
1107 3098 1186 3143 cum
1214 3081 1375 3146 Falcasio

426 3175 539 3240 fuerat
560 3178 768 3255 intimatum,
793 3179 902 3243 iratus
927 3187 981 3243 cst
1003 3179 1125 3258 valde3
1161 3181 1252 3246 unde
1273 3182 1375 3245 nimis

426 3275 621 3341 inconsulte
637 3297 746 3360 agens
757 3278 864 3362 jussit
881 3279 1060 3355 militibus,
1082 3280 1194 3361 quiin
1211 3280 1375 3361 praesidio

426 3376 532 3439 castri
562 3376 827 3442 Bedelordensis
859 3384 971 3455 erant,
1005 3385 1177 3459 quatenus
1201 3379 1239 3442 in
1268 3398 1374 3443 manu

426 3484 561 3540 armata
589 3477 632 3540 ad
657 3478 901 3561 Dunstapliam
930 3478 1133 3542 accedentes
1160 3478 1375 3561 justiciarios

426 3576 589 3656 praesatos
628 3584 790 3659 caperent
831 3583 937 3660 atque
979 3576 1127 3641 vinculis
1168 3579 1376 3642 constrictos

425 3675 517 3757 apud
540 3683 691 3740 castrum
714 3678 757 3740 de
788 3677 958 3741 Bedeford
977 3677 1015 3741 in
1041 3676 1289 3741 obscuritatem
1316 3676 1375 3740 de·

424 3775 602 3840 truderent
621 3777 837 3841 carceralem.
883 3775 951 3839 Sed
974 3776 1159 3859 justiciarii
1184 3775 1271 3840 talia
1292 3795 1375 3859 cog-

424 3885 605 3941 noscentes
631 3883 847 3940 recesserunt
864 3895 942 3939 cum
964 3875 1196 3954 festinatione,
1218 3896 1289 3959 quo
1311 3876 1376 3939 im·

459 4070 535 4122 Ιδιίιε
550 4073 678 4136 aminis
694 4074 834 4139 essarium]
852 4076 882 4124 ln
908 4076 959 4126 aud
976 4076 1056 4127 killed
1075 4092 1150 4139 many
1162 4077 1192 4127 ol
1206 4077 1248 4126 tbe
1267 4092 1376 4141 enemy,

422 4140 465 4188 tba
493 4142 587 4192 Dunst.
616 4143 710 4193 Chron.
738 4145 833 4206 Savary
851 4145 883 4194 de
908 4163 934 4208 p.
948 4150 1003 4196 lto.

423 4210 544 4260 blauleon
556 4212 578 4261 is
589 4213 645 4261 said
657 4218 683 4262 to
691 4213 755 4262 have
767 4215 883 4278 resistod‚
