2978 4996
482 460 620 509 rnonns
643 460 914 511 ursronrnnuu.
1109 448 1169 513 321

220 617 451 683 anathematis
468 619 641 683 sententia
652 619 843 684 innodaret.
884 620 941 698 Et,
955 641 1033 684 cum
1047 622 1090 685 ad
1110 621 1173 686 boc
1187 639 1242 678 ro.
1255 640 1310 679 ¹²³⁴·

221 718 342 781 rustici
366 737 484 782 omnes
507 718 727 782 vehementer
750 720 932 796 instarent,
955 722 1009 784 vir
1031 721 1172 803 quidam
1187 690 1278 739 Μ’

221 837 267 881 ex
289 817 411 881 eadem
434 817 519 881 villa
544 818 727 898 religiosus
755 826 790 883 et
813 819 903 900 pius,
933 839 1010 882 cnm
1040 820 1173 886 videret

222 917 461 999 presbyterum
488 917 532 979 ad
563 916 737 980 ferendam
764 920 972 982 sententiam
1000 927 1172 1000 paratum,

221 1017 386 1092 surrexit,
407 1024 443 1079 et
465 1035 508 1078 ex
532 1023 632 1097 parte
655 1016 722 1079 Dei
748 1018 993 1098 omnipotentis
1015 1026 1049 1081 et
1073 1037 1173 1082 sanc-

222 1122 336 1178 tornm
370 1115 521 1178 omnium
560 1115 797 1198 presbyterum
828 1116 1015 1199 adjuravit,
1048 1126 1086 1181 ut
1118 1119 1171 1199 ip-

221 1233 311 1290 sum,
327 1223 362 1278 et
384 1232 502 1277 omnes
517 1232 605 1294 quas
628 1212 750 1277 babuit
772 1215 808 1277 in
831 1234 954 1297 campo
975 1216 1104 1296 fruges,
1127 1219 1171 1280 ab

220 1312 284 1376 illa
305 1313 476 1376 sententia
497 1321 753 1394 sequestraret;
784 1313 916 1378 addidit
940 1315 1056 1390 etiam,
1078 1316 1170 1397 quod

220 1411 309 1475 bene
332 1411 462 1493 placuit
476 1411 542 1474 sibi
564 1410 727 1492 quicquid
748 1430 917 1495 pauperes
940 1413 1055 1476 inedia
1080 1434 1171 1477 com-

221 1510 313 1592 pulsi
339 1509 381 1573 de
413 1509 487 1573 suis
513 1518 675 1591 ceperant
703 1508 871 1591 frugibus,
905 1520 940 1575 et
965 1513 1058 1594 quod
1088 1515 1171 1576 resi-

221 1608 329 1673 duum
352 1617 427 1673 erat
449 1609 600 1672 Domino
627 1609 890 1674 commendavit.
944 1609 1036 1688 Quid
1061 1615 1169 1692 ergol

222 1707 440 1772 Instantibns
469 1708 691 1790 pertinaciter
722 1710 856 1772 caeteris
888 1710 922 1771 in
953 1711 1061 1773 stulto
1091 1731 1170 1792 pro·

221 1808 337 1890 posito
355 1828 432 1883 sno,
457 1826 533 1870 cnm
556 1808 737 1888 presbyter
758 1808 955 1888 compulsus
980 1808 1068 1871 serre
1091 1828 1169 1873 sen-

222 1906 366 1970 tentiam
394 1904 604 1982 inchoasset,
635 1913 734 1969 tanta
762 1906 877 1968 subito
908 1913 1031 1969 exorta
1056 1915 1108 1970 est
1134 1909 1169 1970 in

221 2024 301 2069 aere
318 2012 518 2088 tempestas,
542 2005 685 2069 tonitrui
707 2004 839 2067 scilicet
854 2023 896 2066 ac
919 2005 1070 2067 fulminis
1088 2024 1170 2068 con·

219 2105 347 2180 cnssio,
371 2111 551 2168 ventorum
575 2122 616 2166 ac
639 2104 814 2168 turbinum
836 2103 1010 2178 conflatio,
1034 2104 1170 2185 pluvia·

219 2222 294 2266 rum
325 2210 361 2267 et
391 2203 596 2284 grandinum
634 2202 826 2278 inundatio,
860 2202 962 2284 quod,
997 2204 1097 2283 qnasi
1132 2204 1168 2266 in

222 2309 395 2366 momento
416 2304 552 2366 turbine
573 2302 658 2364 flatu
683 2300 852 2365 diabolico
880 2303 1026 2384 agitata,
1050 2303 1167 2382 fruges

219 2399 255 2464 in
271 2402 378 2482 agris,
393 2409 549 2465 armenta
571 2420 648 2464 cum
671 2399 851 2464 arboribus
874 2419 915 2464 ac
938 2402 1072 2465 caeteris
1090 2403 1168 2485 qni·

218 2500 352 2581 busque
371 2499 604 2564 crescentibus
626 2508 661 2563 et
680 2501 802 2563 avibus
820 2500 856 2563 in
873 2501 1015 2582 campis,
1034 2502 1084 2565 ita
1105 2521 1167 2583 op-

219 2598 399 2680 primendo
424 2599 600 2675 contrivit,
628 2598 719 2680 quod
741 2599 884 2661 velutin
905 2600 1061 2661 curribus
1078 2609 1113 2663 et
1130 2602 1166 2662 in

219 2697 318 2781 equis
340 2697 542 2761 conculcata
564 2706 600 2761 et
615 2698 651 2760 in
668 2705 760 2760 terra
776 2696 933 2760 demersa
949 2697 1164 2761 videbantur.

220 2795 299 2859 visi
318 2802 400 2859 sunt
417 2804 531 2861 autem
548 2797 584 2859 in
601 2815 680 2860 aere
702 2814 838 2858 sursum
854 2796 969 2875 angeli
985 2789 1165 2859 ¹Satbanae

218 2894 415 2971 volitantes,
432 2896 492 2978 qui
515 2895 618 2978 hujus
643 2894 859 2975 tempestatis
885 2894 1033 2957 ministri
1060 2893 1165 2957 fnisse

218 2993 454 3058 credebantur.
479 2994 559 3070 Sed,
574 3013 653 3057 cnm
663 2992 771 3076 justis
788 3012 829 3057 ac
845 2993 911 3075 piis
927 2992 1061 3056 stabilis
1076 3012 1165 3055 sem·

217 3112 280 3176 per
295 3093 341 3157 sit
354 3093 496 3157 inventa
508 3092 626 3156 divina
648 3092 855 3172 benignitas,
874 3093 927 3155 vir
943 3092 1000 3156 ille
1017 3092 1165 3173 simplex

218 3199 253 3257 et
260 3191 391 3275 justine,
400 3211 490 3268 cum,
503 3201 643 3274 peracta
653 3199 859 3272 tempestate
872 3192 1032 3255 omnibns
1043 3191 1165 3255 vicinis

217 3291 290 3355 suis
303 3291 405 3354 nimis
422 3291 601 3368 damnosa,
615 3291 756 3354 visitare
776 3299 934 3373 pergeret
951 3310 1054 3373 agros
1070 3311 1165 3366 snos,

218 3388 351 3454 invenit
375 3389 505 3471 praedia
529 3409 595 3453 sna
619 3397 654 3453 et
672 3389 812 3472 jugera,
829 3390 910 3454 licet
938 3391 1028 3455 inter
1054 3399 1163 3454 terras

216 3488 362 3553 aliorum
396 3489 578 3571 permixta,
608 3489 659 3552 ita
688 3488 733 3551 ab
764 3490 858 3551 omni
883 3497 1088 3569 tempestate
1113 3491 1165 3551 in·

218 3595 313 3652 tacta
336 3597 371 3651 et
399 3588 520 3664 illaesa,
544 3596 584 3651 nt
605 3587 735 3650 nullum
755 3587 790 3650 in
810 3587 860 3649 eis
884 3586 1035 3649 laesionis
1061 3586 1166 3649 vesti-

216 3687 311 3768 gium
331 3695 514 3768 appareret
527 3707 535 3765 ;
566 3686 657 3749 unde
672 3685 764 3749 omni
779 3685 855 3748 lnce
870 3684 997 3746 clarius
1015 3691 1164 3759 constat,

215 3786 306 3867 qnod
339 3787 429 3850 sicut
458 3786 535 3849 Deo
565 3786 678 3866 gloria
707 3784 742 3846 in
772 3783 919 3846 excelsis
955 3782 1092 3845 canitur
1119 3783 1163 3844 ab

214 3884 359 3965 angelis,
382 3885 433 3948 ita
450 3893 485 3948 et
501 3886 536 3949 in
557 3892 650 3947 terra
672 3902 742 3964 pax
767 3889 821 3945 est
846 3881 1040 3944 hominibus
1063 3881 1163 3943 bonae

213 3983 415 4048 voluntatis.
467 3983 651 4047 Inchoavit
680 3988 795 4045 antem
819 3980 893 4042 haec
915 3986 1103 4059 tempestas
1126 3980 1162 4041 in

244 4188 250 4218 ¹
261 4190 376 4240 dutum
389 4185 539 4256 mittentes]
558 4190 607 4237 ‘ln
620 4189 721 4237 modum
734 4189 860 4250 nigrorum
872 4173 1012 4248 satyrarum
1019 4185 1036 4246 ς’
1059 4187 1141 4237 Paris.

262 4298 341 4345 voh.
360 4298 408 4345 lv.
993 4295 1016 4340 Υ
