2978 4996
437 458 504 523 256
696 474 831 522 aonnsr
856 474 903 520 nn
927 472 1137 521 wuunovnu

596 705 645 769 Dc
659 713 753 768 morte
766 702 943 788 Βαπκῐρῇῖ,
956 704 1077 768 comitis
1093 705 1230 769 Cestriae.

274 844 399 933 wgt-
489 828 618 894 Eodem
636 839 790 912 tempore
813 829 1034 911 Ranulpbus,
1053 848 1169 893 comes
1189 827 1389 894 Cestrensis

277 942 407 1032 sugant
437 936 473 992 et
492 928 754 1005 Lincolniensis,
780 929 873 1012 apud
896 928 1136 1010 walingeford
1160 922 1266 992 ¹diem
1293 929 1390 993 clan-

274 994 320 1033 ulc
336 1001 399 1033 nter.

437 1029 485 1090 sit
500 1037 691 1093 extremum
710 1029 832 1110 quinto
856 1027 1024 1091 kalendas
1049 1028 1270 1104 Novembris
1289 1029 1390 1112 cujus

437 1147 563 1210 corpus
585 1129 737 1192 delatum
758 1135 812 1190 est
828 1128 920 1209 apud
943 1126 1114 1191 Cestriam
1133 1127 1387 1192 tumulandum.

438 1226 612 1291 Successit
627 1228 656 1290 ei
674 1228 709 1289 in
731 1227 930 1290 comitatum
951 1226 1170 1290 Cestrensem
1187 1219 1228 1289 Ἰ
1232 1226 1388 1292 ohannes

437 1347 547 1409 nepos
570 1327 646 1409 ejus
674 1346 717 1389 cx
746 1345 864 1389 sorore
893 1346 969 1402 sua,
996 1345 1097 1407 quem
1125 1326 1246 1406 genuit
1271 1345 1387 1391 comes

439 1426 565 1502 David,
591 1424 698 1488 frater
719 1425 897 1500 Willclrni,
922 1426 1014 1506 regis
1042 1424 1247 1503 Scotorum3
1280 1419 1387 1489 ’abus

437 1534 554 1589 autem
578 1544 685 1605 nepos
710 1524 785 1606 ejus
808 1544 853 1587 cx
875 1544 993 1588 sorore
1018 1522 1171 1588 secunda
1196 1522 1388 1588 Lincolniae

438 1624 587 1686 obtinuit
606 1624 808 1686 comitatum
835 1630 871 1687 et
887 1625 929 1687 de
957 1625 1086 1687 barone
1110 1641 1224 1686 comes
1242 1623 1386 1688 effectus

436 1729 515 1802 est3
547 1743 662 1786 comes
693 1743 828 1805 quoque
852 1722 1018 1799 Arundel,
1045 1723 1135 1786 alius
1163 1741 1271 1804 nepos
1298 1723 1386 1808 ejnS,

437 1822 646 1903 quingentas
666 1823 810 1886 libratas
827 1830 927 1886 terrac
944 1823 1109 1904 suscepit.

490 1921 593 1986 Circa
624 1923 688 1986 hos
716 1941 853 2004 quoque
880 1921 965 1997 dies,
995 1922 1147 1985 instante
1171 1922 1262 1986 festo
1294 1923 1387 1986 beati

440 2020 598 2100 Martini,
629 2029 833 2103 suggestum
864 2020 931 2084 luit
954 2012 1148 2102 Angloruin
1176 2022 1263 2103 regi,
1291 2020 1385 2104 quod

439 2120 632 2197 Hubertus,
660 2121 832 2202 quondam
856 2119 1085 2202 justiciarius,
1115 2121 1208 2202 apud
1243 2120 1385 2184 Novum

437 2219 619 2302 Templum
652 2220 773 2283 babuit
795 2219 993 2284 thesaurum
1022 2239 1090 2282 non
1121 2219 1294 2283 modicum
1323 2221 1386 2284 sub

438 2319 621 2382 eorundem
655 2318 930 2400 Templariorum
973 2319 1130 2382 custodia
1169 2319 1386 2401 deputatum.

437 2416 488 2480 At
509 2437 570 2480 rex
593 2417 796 2498 magistrum
814 2417 950 2500 Templi
977 2418 1020 2482 ad
1043 2438 1143 2482 suum
1165 2438 1296 2482 vocans
1316 2419 1385 2483 col·

437 2515 591 2597 loquium
614 2517 858 2581 sciscitabatur
875 2518 1064 2581 districtius
1084 2518 1127 2580 ab
1152 2538 1194 2582 eo
1210 2519 1240 2582 si
1262 2518 1315 2582 ita
1335 2519 1386 2582 su·

436 2613 541 2694 isset;
567 2623 603 2680 at
624 2616 694 2694 illo,
723 2637 789 2680 non
817 2636 923 2680 ausus
946 2617 1021 2698 regi
1042 2617 1222 2680 veritatem
1247 2637 1385 2699 negare,

436 2714 615 2779 consessus
640 2724 694 2779 est
715 2715 841 2801 [quod]
867 2715 1016 2779 babebat
1041 2716 1221 2798 pecuniam
1252 2718 1319 2780 sibi
1346 2736 1385 2780 ac

437 2812 601 2878 fratribus
623 2816 695 2879 suis
718 2814 864 2879 fideliter
887 2815 1173 2892 commendatam,
1192 2816 1252 2879 sed
1278 2835 1385 2897 quan·

436 2912 571 2978 titatcm
594 2922 630 2978 et
650 2935 828 2978 numerum
853 2913 992 2996 penitus
1016 2915 1232 2996 ignorabant.
1286 2914 1384 2978 Tunc

437 3033 498 3076 rex
522 3034 599 3077 cum
624 3013 725 3077 minis
745 3014 945 3095 praedictam
966 3013 1168 3076 asratribus
1190 3014 1323 3095 exegit,
1346 3020 1384 3077 ut

435 3113 616 3194 pecuniam
641 3112 735 3175 illam
751 3113 977 3176 incontinenti
994 3113 1060 3175 sibi
1079 3112 1271 3189 redderent,
1288 3133 1382 3177 asse·

436 3229 515 3273 rens
540 3230 615 3274 eam
641 3211 683 3274 de
706 3211 869 3275 thesauro
900 3230 963 3274 suo
990 3211 1070 3274 dolo
1095 3211 1201 3275 fuisse
1227 3214 1383 3277 subtrac-

437 3315 533 3388 tam3
570 3310 625 3373 cui
655 3311 905 3393 responderunt
932 3310 1068 3387 fratres,
1097 3311 1187 3392 quod
1214 3311 1299 3375 nulli
1327 3332 1384 3395 pc·

436 3408 570 3472 cuniam
590 3409 764 3474 truderent
785 3411 851 3473 sibi
873 3410 907 3472 iu
928 3409 995 3472 fide
1015 3411 1230 3473 commissam
1254 3412 1383 3494 absque

468 3606 556 3659 'Diem
563 3610 649 3659 claruit
656 3611 811 3674 extremm]
821 3610 898 3660 Puris
908 3606 911 3645 Ι
922 3609 1023 3658 brother
1031 3609 1060 3657 ol
1065 3610 1176 3659 Williunr
1185 3610 1228 3658 the
1239 3611 1314 3675 Lien,
1325 3613 1386 3675 king

436 3681 510 3742 adds,
526 3681 591 3741 that,
606 3681 681 3729 when
698 3681 800 3730 Hubert
818 3680 897 3729 heard
922 3680 952 3729 ol
959 3680 1087 3741 scotland,
1097 3680 1132 3740 by
1144 3680 1238 3741 bland,
1248 3682 1326 3732 sister
1336 3683 1385 3733 eud

435 3751 547 3800 thatone
564 3751 593 3799 ol
607 3751 648 3798 his
667 3756 776 3811 greatest
787 3751 897 3798 enernies
922 3749 977 3797 heir
993 3750 1023 3798 ol
1036 3749 1079 3798 the
1101 3750 1151 3798 last
1169 3750 1231 3799 euri.
1270 3751 1385 3814 Nicoln,

435 3837 490 3870 was
501 3820 577 3881 dead,
588 3820 619 3868 he
628 3819 778 3878 excluimed,
789 3819 796 3846 ‘
807 3819 897 3880 Propi·
922 3819 1031 3879 Synops.
1042 3819 1070 3867 ol
1078 3818 1120 3868 the
1134 3819 1258 3881 Peeruge.

435 3892 512 3939 tietur
532 3891 555 3939 ei
576 3889 721 3939 Dominus!
758 3888 806 3937 llle
824 3888 897 3936 bomo
957 3885 1052 3936 'Alius
1068 3923 1075 3937 .
1092 3925 1099 3938 .
1116 3923 1123 3938 .
1139 3889 1240 3952 nepos]
1264 3889 1335 3939 John
1353 3891 1385 3940 dc

435 3974 507 4008 meus
523 3959 573 4008 luit
588 3959 620 4008 de
636 3960 753 4007 munibus
771 3960 835 4019 suis,
850 3972 896 4007 nec
922 3957 1011 4019 bucy,
1041 3958 1073 4006 he
1101 3960 1208 4007 ruanied
1246 3959 1388 4023 Margaret,

434 4034 518 4079 tamen
534 4043 645 4090 unquam
659 4028 720 4077 mihi
738 4028 841 4089 proluit,
852 4029 896 4076 ubi
921 4027 1046 4089 daughter
1061 4028 1112 4076 and
1128 4027 1183 4077 heir
1197 4027 1227 4077 ol
1243 4028 1340 4079 Rubert
1353 4031 1385 4080 de

434 4101 524 4149 obesse
535 4094 633 4160 potuit!
921 4097 1033 4158 Quincy,
1052 4098 1104 4145 enrl
1123 4097 1151 4146 ol
1165 4098 1336 4157 Wincbester,
1352 4101 1386 4163 by

470 4165 632 4232 malama]
649 4167 717 4216 Jobn
729 4167 753 4216 le
770 4168 838 4228 scot,
849 4181 894 4215 son
921 4167 1038 4229 Hawise,
1047 4166 1130 4215 lourtb
1142 4167 1276 4219 sisteruud
1287 4171 1387 4221 cobeir

434 4237 464 4286 ol
488 4238 574 4287 David
596 4238 650 4286 eurl
670 4237 699 4286 ol
718 4236 896 4299 Huntingdon,
919 4237 948 4285 ol
955 4237 998 4286 tlre
1009 4237 1062 4286 earl
1073 4236 1102 4285 ol
1110 4236 1234 4302 Obest0r5
1251 4239 1315 4290 ibid.
