2978 4996
368 457 434 522 238
626 472 760 521 aonam
786 473 832 519 ns
856 472 1063 522 wranovua

528 704 578 768 De
586 704 746 789 patientie
762 704 843 790 repis
856 703 892 768 io
899 700 1169 788 persecutionibus.

209 842 263 904 ab
275 844 330 881 ¹²³²·
421 827 498 892 Nec
511 829 597 892 illud
612 830 655 893 de
671 828 858 893 virtutibus
876 827 1053 910 magnifici
1069 827 1161 908 regis
1176 826 1322 910 loquen-

209 893 327 983 dii‘dd'du
371 936 424 991 tes
446 928 616 992 credimus
636 928 891 1010 negligendum,
915 928 1007 1010 quod
1032 926 1150 991 statim
1177 945 1323 991 corona-

371 1036 427 1091 tus
455 1028 490 1091 iu
517 1048 634 1109 regem
660 1035 789 1091 rectam
821 1047 956 1108 semper
978 1027 1152 1110 justitiam
1186 1028 1322 1091 cunctis

370 1127 539 1205 exhibuit,
554 1147 618 1209 pro
635 1146 776 1191 munere
793 1145 969 1208 nunquam
978 1124 1148 1209 judicium
1165 1127 1321 1190 subverti

370 1227 537 1307 permisit.
597 1226 829 1309 Episcopatus
845 1233 880 1290 et
893 1226 1051 1289 abbatias
1064 1231 1231 1289 vacantes
1242 1245 1321 1289 con·

371 1326 467 1389 tinuo
490 1335 526 1390 et
546 1326 677 1407 absque
698 1326 888 1389 venalitate
908 1325 992 1388 viris
1013 1325 1178 1389 canonice
1201 1325 1321 1389 electis

370 1425 553 1502 concessit,
580 1443 724 1488 neceas
756 1424 943 1508 aliquando
965 1425 1030 1487 suh
1052 1424 1219 1487 laicorum
1243 1444 1321 1488 cus-

371 1524 467 1587 todia
488 1523 693 1605 deputavit3
728 1524 891 1605 praelatos
919 1542 1039 1586 omnes
1066 1522 1258 1599 ordinatos,
1285 1530 1321 1587 et

370 1622 544 1704 praecipue
568 1622 661 1686 viros
683 1622 877 1704 religiosos,
901 1622 1096 1698 honoravit,
1120 1630 1155 1686 et
1179 1641 1243 1703 pro
1266 1643 1320 1686 rs-

371 1722 524 1785 verentia
541 1721 565 1785 J
568 1741 628 1785 esu
647 1721 778 1786 Christi
799 1742 859 1786 eos
881 1721 1053 1786 offendere
1075 1720 1162 1785 adeo
1183 1723 1322 1799 metuit,

370 1828 410 1885 ut
431 1827 585 1903 tempore
608 1823 770 1904 quodam,
792 1841 870 1885 cum
891 1821 934 1884 ad
962 1821 1165 1885 mandatum
1188 1821 1320 1885 domini

371 1939 472 2002 papae
502 1941 621 1985 omnes
657 1921 793 2003 praelati
822 1920 929 1984 totius
961 1921 1059 2002 regni
1091 1939 1207 1984 coram
1238 1940 1321 2002 rege

369 2021 572 2103 congregati
593 2021 752 2096 fuissent,
777 2028 817 2084 ut
838 2027 972 2102 partem
996 2019 1196 2083 vicesimam
1213 2021 1322 2084 mohi-

369 2119 453 2183 lium
468 2140 607 2184 suorum
629 2120 674 2182 ad
695 2120 956 2184 subventionem
972 2126 1074 2183 terrae
1090 2125 1222 2183 sanctae
1237 2139 1321 2184 cou-

370 2220 542 2294 cederent,
564 2226 601 2282 et
616 2237 770 2281 seorsum
791 2217 950 2283 sederent
966 2237 1071 2300 super
1091 2218 1239 2301 praefato
1261 2238 1320 2282 ne-

370 2319 467 2398 gotio
498 2316 746 2398 colloquentes,
773 2338 836 2382 rex
864 2319 914 2382 ait
942 2316 1102 2381 Galirido
1129 2317 1320 2382 filio-Petri

369 2424 405 2480 et
420 2415 598 2479 Willelmo
613 2416 795 2494 Briwerre,
811 2418 871 2499 qui
893 2417 986 2499 apud
1008 2416 1113 2498 pedes
1130 2416 1206 2499 ejus
1222 2417 1322 2481 sede-

369 2515 465 2590 bant,
488 2534 573 2578 voce
595 2515 757 2592 demissa,
773 2516 933 2581 ‘Videtis
957 2515 1119 2598 praelatos
1141 2515 1233 2592 illos,
1259 2518 1319 2598 qui

369 2614 416 2677 ibi
443 2614 564 2677 sedent
575 2613 600 2679 l'
652 2616 853 2692 ‘Videmus,
878 2615 1038 2692 domine,'
1066 2614 1251 2696 inquiunt;
1283 2624 1319 2680 et

369 2733 432 2777 rex
458 2713 501 2777 ad
530 2733 601 2791 eos,
617 2715 678 2778 ‘Si
702 2715 853 2793 scirent'
878 2715 1003 2797 inquit,
1027 2714 1228 2796 ‘quomodo
1258 2734 1319 2779 eos

369 2814 413 2877 ob
439 2815 666 2878 reverentiam
684 2816 750 2878 Dei
768 2815 884 2890 timeo,
908 2823 944 2878 et
959 2833 1063 2896 quam
1082 2814 1191 2878 invite
1209 2813 1317 2878 offen·

369 2913 484 2977 derem
515 2913 606 2990 illos,
636 2915 703 2997 ipsi
737 2934 791 2978 me
820 2913 1064 2977 conculcarent
1092 2913 1317 2996 quemadmo-

368 3012 449 3076 dum
476 3013 701 3077 conculcatur
726 3013 995 3077 calceamentum
1019 3020 1119 3078 vetus
1142 3019 1179 3076 et
1201 3012 1316 3096 dejec-

368 3112 464 3174 tum?
499 3111 701 3176 Notandum
720 3113 901 3189 estetiam,
913 3112 1195 3194 quomodoregni
1206 3131 1318 3196 nuper

368 3210 484 3292 adepti
511 3210 653 3275 delicias
684 3232 747 3294 pro
777 3231 894 3275 amore
925 3212 1034 3294 Regis
1065 3212 1186 3275 aeterni
1211 3212 1317 3276 relin-

367 3328 477 3392 quens
500 3309 679 3374 thesauros
702 3311 887 3393 patrissui
911 3331 953 3376 ac
978 3311 1135 3393 proprios
1161 3311 1197 3373 in
1217 3312 1317 3376 ohse-

367 3408 449 3490 quio
468 3407 635 3473 crucifixi
655 3419 690 3475 et
706 3419 806 3475 terrae
829 3417 960 3474 sanctae
983 3410 1187 3475 liberatione
1206 3410 1317 3475 effun-

366 3508 447 3572 dere
471 3510 618 3587 curavit,
648 3519 683 3575 et
708 3530 812 3593 quam
833 3517 994 3592 potenter
1017 3519 1143 3574 terram
1167 3511 1316 3591 promis·

366 3609 473 3672 sionis
499 3616 621 3687 totam,
651 3619 778 3691 praeter
801 3608 978 3673 civitatem
1005 3618 1161 3673 sanctam
1186 3608 1317 3674 Hieru-

366 3708 487 3785 salem,
517 3708 560 3773 de
587 3711 745 3773 manibus
773 3709 987 3773 inimicorum
1019 3709 1130 3772 crucis
1154 3711 1316 3774 extorsit.

368 3807 438 3870 Ubi
460 3807 697 3873 deficientibus
713 3810 779 3872 sihi
796 3808 982 3885 thesauris,
998 3817 1125 3872 terram
1141 3809 1207 3871 snb
1223 3817 1314 3873 tren-

367 3907 421 3987 gis
435 3908 660 3972 triennalibus
675 3909 900 3986 constituens,
911 3927 933 3971 a
943 3906 1130 3972 Salaadino
1147 3907 1314 3989 impetra-

367 4006 429 4082 vit,
451 4014 490 4070 ut
512 4009 673 4072 sacerdos
689 4009 847 4090 quidam,
864 4027 974 4090 usque
992 4006 1035 4071 ad
1057 4014 1198 4087 treugas
1219 4007 1316 4090 elap-

363 4124 434 4181 sas,
452 4108 543 4187 apud
568 4107 788 4172 Dominicum
811 4107 1030 4189 sepulchrum
1050 4106 1092 4170 de
1114 4125 1216 4170 cruce
1233 4108 1315 4170 mis·

363 4223 437 4266 sam
454 4205 574 4269 diebus
592 4208 738 4290 singulis
750 4207 793 4271 ad
806 4208 897 4290 regis
914 4205 1088 4289 stipendia
1104 4205 1316 4287 celebrarem
