<?xml version="1.0" encoding="UTF-8"?>
<!DOCTYPE html PUBLIC "-//W3C//DTD XHTML 1.0 Transitional//EN"
    "http://www.w3.org/TR/xhtml1/DTD/xhtml1-transitional.dtd">
<html xmlns="http://www.w3.org/1999/xhtml" xml:lang="en" lang="en">
 <head>
  <title>
</title>
<meta http-equiv="Content-Type" content="text/html;charset=utf-8" />
  <meta name='ocr-system' content='tesseract 3.04.00' />
  <meta name='ocr-capabilities' content='ocr_page ocr_carea ocr_par ocr_line ocrx_word'/>
</head>
<body>
  <div class='ocr_page' id='page_1' title='image "./rogeridewendove02rogegoog_0034.png"; bbox 0 0 2978 4996; ppageno 0'>
   <div class='ocr_carea' id='block_1_1' title="bbox 394 439 1169 503">
    <p class='ocr_par' dir='ltr' id='par_1_1' title="bbox 394 439 1169 503">
     <span class='ocr_line' id='line_1_1' title="bbox 394 439 1169 503; baseline 0.017 -11"><span class='ocrx_word' id='word_1_1' title='bbox 394 446 534 494; x_wconf 73' lang='lat' dir='ltr'><strong>cnonas</strong></span> <span class='ocrx_word' id='word_1_2' title='bbox 558 447 829 499; x_wconf 77' lang='lat' dir='ltr'><strong>urs&#39;ronrsnuu.</strong></span> <span class='ocrx_word' id='word_1_3' title='bbox 1038 439 1082 503; x_wconf 78' lang='lat'><strong>23</strong></span> <span class='ocrx_word' id='word_1_4' title='bbox 1167 471 1169 475; x_wconf 95' lang='lat'>·</span> 
     </span>
    </p>
   </div>
   <div class='ocr_carea' id='block_1_2' title="bbox 128 603 1080 1283">
    <p class='ocr_par' dir='ltr' id='par_1_2' title="bbox 128 603 1080 1283">
     <span class='ocr_line' id='line_1_2' title="bbox 129 603 1080 686; baseline 0.009 -22"><span class='ocrx_word' id='word_1_5' title='bbox 129 604 223 667; x_wconf 90' lang='lat' dir='ltr'><strong>nitus</strong></span> <span class='ocrx_word' id='word_1_6' title='bbox 244 603 430 681; x_wconf 80' lang='lat' dir='ltr'><strong>enervatis,</strong></span> <span class='ocrx_word' id='word_1_7' title='bbox 453 604 601 686; x_wconf 84' lang='lat' dir='ltr'><strong>cepisset</strong></span> <span class='ocrx_word' id='word_1_8' title='bbox 616 625 660 669; x_wconf 85' lang='lat' dir='ltr'><strong>ex</strong></span> <span class='ocrx_word' id='word_1_9' title='bbox 683 606 733 670; x_wconf 90' lang='lat' dir='ltr'><strong>eis</strong></span> <span class='ocrx_word' id='word_1_10' title='bbox 752 605 900 671; x_wconf 92' lang='lat' dir='ltr'><strong>militum</strong></span> <span class='ocrx_word' id='word_1_11' title='bbox 924 607 1080 673; x_wconf 87' lang='lat' dir='ltr'><strong>multitu·</strong></span> 
     </span>
     <span class='ocr_line' id='line_1_3' title="bbox 128 702 1078 790; baseline 0.006 -25"><span class='ocrx_word' id='word_1_12' title='bbox 128 702 241 767; x_wconf 90' lang='lat' dir='ltr'><strong>dinem</strong></span> <span class='ocrx_word' id='word_1_13' title='bbox 264 722 482 767; x_wconf 81' lang='lat' dir='ltr'><strong>numerosam</strong></span> <span class='ocrx_word' id='word_1_14' title='bbox 508 723 549 768; x_wconf 90' lang='lat' dir='ltr'><strong>ac</strong></span> <span class='ocrx_word' id='word_1_15' title='bbox 569 705 716 770; x_wconf 87' lang='lat' dir='ltr'><strong>vinculis</strong></span> <span class='ocrx_word' id='word_1_16' title='bbox 740 725 858 769; x_wconf 88' lang='lat' dir='ltr'><strong>omnes</strong></span> <span class='ocrx_word' id='word_1_17' title='bbox 884 708 1078 790; x_wconf 88' lang='lat' dir='ltr'><strong>mancipas·</strong></span> 
     </span>
     <span class='ocr_line' id='line_1_4' title="bbox 131 803 1078 884; baseline 0.005 -19"><span class='ocrx_word' id='word_1_18' title='bbox 131 810 196 879; x_wconf 92' lang='lat' dir='ltr'><strong>set,</strong></span> <span class='ocrx_word' id='word_1_19' title='bbox 225 803 327 867; x_wconf 86' lang='lat' dir='ltr'><strong>irruit</strong></span> <span class='ocrx_word' id='word_1_20' title='bbox 354 804 472 867; x_wconf 90' lang='lat' dir='ltr'><strong>densis</strong></span> <span class='ocrx_word' id='word_1_21' title='bbox 509 805 704 884; x_wconf 83' lang='lat' dir='ltr'><strong>agminibus</strong></span> <span class='ocrx_word' id='word_1_22' title='bbox 734 805 770 868; x_wconf 91' lang='lat' dir='ltr'><strong>in</strong></span> <span class='ocrx_word' id='word_1_23' title='bbox 800 805 959 869; x_wconf 90' lang='lat' dir='ltr'><strong>comitem</strong></span> <span class='ocrx_word' id='word_1_24' title='bbox 992 807 1078 871; x_wconf 90' lang='lat' dir='ltr'><strong>Per·</strong></span> 
     </span>
     <span class='ocr_line' id='line_1_5' title="bbox 131 902 1077 987; baseline 0.004 -21"><span class='ocrx_word' id='word_1_25' title='bbox 131 902 308 979; x_wconf 88' lang='lat' dir='ltr'><strong>ticensem,</strong></span> <span class='ocrx_word' id='word_1_26' title='bbox 345 902 639 967; x_wconf 88' lang='lat' dir='ltr'><strong>circumvallando</strong></span> <span class='ocrx_word' id='word_1_27' title='bbox 682 923 760 967; x_wconf 91' lang='lat' dir='ltr'><strong>eum</strong></span> <span class='ocrx_word' id='word_1_28' title='bbox 798 905 978 987; x_wconf 88' lang='lat' dir='ltr'><strong>undique;</strong></span> <span class='ocrx_word' id='word_1_29' title='bbox 1017 907 1077 970; x_wconf 88' lang='lat' dir='ltr'><strong>sed</strong></span> 
     </span>
     <span class='ocr_line' id='line_1_6' title="bbox 131 1001 1077 1083; baseline 0.003 -20"><span class='ocrx_word' id='word_1_30' title='bbox 131 1001 281 1078; x_wconf 91' lang='lat' dir='ltr'><strong>demum,</strong></span> <span class='ocrx_word' id='word_1_31' title='bbox 306 1019 383 1064; x_wconf 88' lang='lat' dir='ltr'><strong>curn</strong></span> <span class='ocrx_word' id='word_1_32' title='bbox 408 1002 574 1083; x_wconf 88' lang='lat' dir='ltr'><strong>impetum</strong></span> <span class='ocrx_word' id='word_1_33' title='bbox 600 1003 803 1067; x_wconf 89' lang='lat' dir='ltr'><strong>irruentium</strong></span> <span class='ocrx_word' id='word_1_34' title='bbox 830 1004 865 1066; x_wconf 92' lang='lat' dir='ltr'><strong>in</strong></span> <span class='ocrx_word' id='word_1_35' title='bbox 894 1023 972 1067; x_wconf 92' lang='lat' dir='ltr'><strong>eum</strong></span> <span class='ocrx_word' id='word_1_36' title='bbox 1001 1024 1077 1067; x_wconf 92' lang='lat' dir='ltr'><strong>sus·</strong></span> 
     </span>
     <span class='ocr_line' id='line_1_7' title="bbox 131 1101 1078 1182; baseline 0.004 -19"><span class='ocrx_word' id='word_1_37' title='bbox 131 1101 241 1164; x_wconf 90' lang='lat' dir='ltr'><strong>tinere</strong></span> <span class='ocrx_word' id='word_1_38' title='bbox 268 1120 337 1164; x_wconf 89' lang='lat' dir='ltr'><strong>nou</strong></span> <span class='ocrx_word' id='word_1_39' title='bbox 366 1102 492 1182; x_wconf 92' lang='lat' dir='ltr'><strong>potuit,</strong></span> <span class='ocrx_word' id='word_1_40' title='bbox 518 1101 648 1165; x_wconf 90' lang='lat' dir='ltr'><strong>hortati</strong></span> <span class='ocrx_word' id='word_1_41' title='bbox 676 1110 758 1165; x_wconf 88' lang='lat' dir='ltr'><strong>sunt</strong></span> <span class='ocrx_word' id='word_1_42' title='bbox 779 1109 819 1165; x_wconf 91' lang='lat' dir='ltr'><strong>ut</strong></span> <span class='ocrx_word' id='word_1_43' title='bbox 844 1121 881 1166; x_wconf 89' lang='lat' dir='ltr'><strong>se</strong></span> <span class='ocrx_word' id='word_1_44' title='bbox 908 1102 1078 1181; x_wconf 89' lang='lat' dir='ltr'><strong>redderet,</strong></span> 
     </span>
     <span class='ocr_line' id='line_1_8' title="bbox 131 1199 1077 1283; baseline 0.003 -21"><span class='ocrx_word' id='word_1_45' title='bbox 131 1208 302 1282; x_wconf 88' lang='lat' dir='ltr'><strong>quatenus</strong></span> <span class='ocrx_word' id='word_1_46' title='bbox 324 1200 427 1263; x_wconf 87' lang='lat' dir='ltr'><strong>vivus</strong></span> <span class='ocrx_word' id='word_1_47' title='bbox 449 1200 594 1264; x_wconf 87' lang='lat' dir='ltr'><strong>evadere</strong></span> <span class='ocrx_word' id='word_1_48' title='bbox 614 1200 795 1283; x_wconf 87' lang='lat' dir='ltr'><strong>potuisset.</strong></span> <span class='ocrx_word' id='word_1_49' title='bbox 847 1199 898 1265; x_wconf 87' lang='lat' dir='ltr'><strong>At</strong></span> <span class='ocrx_word' id='word_1_50' title='bbox 918 1200 977 1264; x_wconf 91' lang='lat' dir='ltr'><strong>ille</strong></span> <span class='ocrx_word' id='word_1_51' title='bbox 999 1221 1077 1266; x_wconf 91' lang='lat' dir='ltr'><strong>cum</strong></span> 
     </span>
    </p>
   </div>
   <div class='ocr_carea' id='block_1_3' title="bbox 125 1297 1085 1384">
    <p class='ocr_par' dir='ltr' id='par_1_3' title="bbox 125 1297 1085 1384">
     <span class='ocr_line' id='line_1_9' title="bbox 125 1297 1085 1384; baseline 0.003 -23"><span class='ocrx_word' id='word_1_52' title='bbox 125 1299 324 1381; x_wconf 87' lang='lat' dir='ltr'><strong>juramento</strong></span> <span class='ocrx_word' id='word_1_53' title='bbox 346 1297 542 1376; x_wconf 86' lang='lat' dir='ltr'><strong>affirmavit,</strong></span> <span class='ocrx_word' id='word_1_54' title='bbox 562 1300 653 1381; x_wconf 91' lang='lat' dir='ltr'><strong>quod</strong></span> <span class='ocrx_word' id='word_1_55' title='bbox 677 1319 716 1363; x_wconf 89' lang='lat' dir='ltr'><strong>se</strong></span> <span class='ocrx_word' id='word_1_56' title='bbox 738 1319 807 1363; x_wconf 92' lang='lat' dir='ltr'><strong>non</strong></span> <span class='ocrx_word' id='word_1_57' title='bbox 829 1300 986 1364; x_wconf 85' lang='lat' dir='ltr'><strong>redderet</strong></span> <span class='ocrx_word' id='word_1_58' title='bbox 1002 1299 1085 1384; x_wconf 47' lang='lat' dir='ltr'><strong>Ans</strong></span> 
     </span>
    </p>
   </div>
   <div class='ocr_carea' id='block_1_4' title="bbox 126 1398 1078 3937">
    <p class='ocr_par' dir='ltr' id='par_1_4' title="bbox 126 1398 1078 3937">
     <span class='ocr_line' id='line_1_10' title="bbox 130 1398 1077 1481; baseline 0.001 -21"><span class='ocrx_word' id='word_1_59' title='bbox 130 1398 210 1478; x_wconf 86' lang='lat' dir='ltr'><strong>glis,</strong></span> <span class='ocrx_word' id='word_1_60' title='bbox 228 1399 287 1480; x_wconf 89' lang='lat' dir='ltr'><strong>qui</strong></span> <span class='ocrx_word' id='word_1_61' title='bbox 310 1399 439 1481; x_wconf 89' lang='lat' dir='ltr'><strong>proprii</strong></span> <span class='ocrx_word' id='word_1_62' title='bbox 456 1399 547 1479; x_wconf 87' lang='lat' dir='ltr'><strong>regis</strong></span> <span class='ocrx_word' id='word_1_63' title='bbox 565 1398 758 1481; x_wconf 85' lang='lat' dir='ltr'><strong>proditores</strong></span> <span class='ocrx_word' id='word_1_64' title='bbox 775 1398 935 1477; x_wconf 83' lang='lat' dir='ltr'><strong>fuerunt3</strong></span> <span class='ocrx_word' id='word_1_65' title='bbox 959 1407 1006 1476; x_wconf 92' lang='lat' dir='ltr'><strong>et,</strong></span> <span class='ocrx_word' id='word_1_66' title='bbox 1024 1400 1077 1462; x_wconf 89' lang='lat' dir='ltr'><strong>his</strong></span> 
     </span>
     <span class='ocr_line' id='line_1_11' title="bbox 129 1495 1078 1580; baseline 0.004 -20"><span class='ocrx_word' id='word_1_67' title='bbox 129 1495 271 1574; x_wconf 90' lang='lat' dir='ltr'><strong>auditis,</strong></span> <span class='ocrx_word' id='word_1_68' title='bbox 304 1497 406 1561; x_wconf 88' lang='lat' dir='ltr'><strong>irruit</strong></span> <span class='ocrx_word' id='word_1_69' title='bbox 439 1497 580 1579; x_wconf 90' lang='lat' dir='ltr'><strong>quidam</strong></span> <span class='ocrx_word' id='word_1_70' title='bbox 619 1498 654 1561; x_wconf 91' lang='lat' dir='ltr'><strong>in</strong></span> <span class='ocrx_word' id='word_1_71' title='bbox 696 1517 774 1560; x_wconf 92' lang='lat' dir='ltr'><strong>eum</strong></span> <span class='ocrx_word' id='word_1_72' title='bbox 813 1498 1078 1580; x_wconf 85' lang='lat' dir='ltr'><strong>percutiensque</strong></span> 
     </span>
     <span class='ocr_line' id='line_1_12' title="bbox 128 1595 1078 1679; baseline 0.002 -20"><span class='ocrx_word' id='word_1_73' title='bbox 128 1595 226 1659; x_wconf 90' lang='lat' dir='ltr'><strong>illum</strong></span> <span class='ocrx_word' id='word_1_74' title='bbox 249 1597 285 1659; x_wconf 94' lang='lat' dir='ltr'><strong>in</strong></span> <span class='ocrx_word' id='word_1_75' title='bbox 312 1596 412 1659; x_wconf 93' lang='lat' dir='ltr'><strong>oculo</strong></span> <span class='ocrx_word' id='word_1_76' title='bbox 435 1597 611 1660; x_wconf 90' lang='lat' dir='ltr'><strong>cerebrum</strong></span> <span class='ocrx_word' id='word_1_77' title='bbox 633 1596 833 1679; x_wconf 83' lang='lat' dir='ltr'><strong>perforavit,</strong></span> <span class='ocrx_word' id='word_1_78' title='bbox 856 1605 890 1661; x_wconf 92' lang='lat' dir='ltr'><strong>et</strong></span> <span class='ocrx_word' id='word_1_79' title='bbox 913 1616 1078 1661; x_wconf 88' lang='lat' dir='ltr'><strong>corruens</strong></span> 
     </span>
     <span class='ocr_line' id='line_1_13' title="bbox 128 1689 1077 1760; baseline 0.004 -4"><span class='ocrx_word' id='word_1_80' title='bbox 128 1694 315 1759; x_wconf 87' lang='lat' dir='ltr'><strong>interram</strong></span> <span class='ocrx_word' id='word_1_81' title='bbox 342 1689 500 1759; x_wconf 88' lang='lat' dir='ltr'><strong>¹verbum</strong></span> <span class='ocrx_word' id='word_1_82' title='bbox 528 1695 621 1759; x_wconf 89' lang='lat' dir='ltr'><strong>ultra</strong></span> <span class='ocrx_word' id='word_1_83' title='bbox 648 1715 717 1759; x_wconf 92' lang='lat' dir='ltr'><strong>non</strong></span> <span class='ocrx_word' id='word_1_84' title='bbox 739 1696 858 1760; x_wconf 90' lang='lat' dir='ltr'><strong>edidit.</strong></span> <span class='ocrx_word' id='word_1_85' title='bbox 909 1696 1077 1760; x_wconf 89' lang='lat' dir='ltr'><strong>Videntes</strong></span> 
     </span>
     <span class='ocr_line' id='line_1_14' title="bbox 130 1793 1077 1878; baseline 0.002 -21"><span class='ocrx_word' id='word_1_86' title='bbox 130 1793 247 1876; x_wconf 89' lang='lat' dir='ltr'><strong>itaque</strong></span> <span class='ocrx_word' id='word_1_87' title='bbox 272 1793 467 1875; x_wconf 84' lang='lat' dir='ltr'><strong>Galligenae</strong></span> <span class='ocrx_word' id='word_1_88' title='bbox 489 1794 680 1876; x_wconf 82' lang='lat' dir='ltr'><strong>phalanges</strong></span> <span class='ocrx_word' id='word_1_89' title='bbox 707 1795 798 1875; x_wconf 88' lang='lat' dir='ltr'><strong>quod</strong></span> <span class='ocrx_word' id='word_1_90' title='bbox 825 1795 936 1878; x_wconf 92' lang='lat' dir='ltr'><strong>major</strong></span> <span class='ocrx_word' id='word_1_91' title='bbox 958 1814 1077 1859; x_wconf 91' lang='lat' dir='ltr'><strong>eorum</strong></span> 
     </span>
     <span class='ocr_line' id='line_1_15' title="bbox 130 1893 1076 1975; baseline 0.002 -20"><span class='ocrx_word' id='word_1_92' title='bbox 130 1893 323 1971; x_wconf 88' lang='lat' dir='ltr'><strong>cecidisset,</strong></span> <span class='ocrx_word' id='word_1_93' title='bbox 357 1894 509 1957; x_wconf 91' lang='lat' dir='ltr'><strong>inierunt</strong></span> <span class='ocrx_word' id='word_1_94' title='bbox 542 1893 672 1974; x_wconf 87' lang='lat' dir='ltr'><strong>fugam,</strong></span> <span class='ocrx_word' id='word_1_95' title='bbox 708 1899 779 1956; x_wconf 88' lang='lat' dir='ltr'><strong>tam</strong></span> <span class='ocrx_word' id='word_1_96' title='bbox 810 1893 942 1974; x_wconf 89' lang='lat' dir='ltr'><strong>pedites</strong></span> <span class='ocrx_word' id='word_1_97' title='bbox 971 1914 1076 1975; x_wconf 90' lang='lat' dir='ltr'><strong>quam</strong></span> 
     </span>
     <span class='ocr_line' id='line_1_16' title="bbox 129 1991 1077 2074; baseline 0 -18"><span class='ocrx_word' id='word_1_98' title='bbox 129 1993 275 2074; x_wconf 89' lang='lat' dir='ltr'><strong>equites,</strong></span> <span class='ocrx_word' id='word_1_99' title='bbox 308 1992 375 2056; x_wconf 87' lang='lat' dir='ltr'><strong>sibi</strong></span> <span class='ocrx_word' id='word_1_100' title='bbox 402 1993 504 2056; x_wconf 89' lang='lat' dir='ltr'><strong>nimis</strong></span> <span class='ocrx_word' id='word_1_101' title='bbox 532 1993 758 2071; x_wconf 84' lang='lat' dir='ltr'><strong>damnosam3</strong></span> <span class='ocrx_word' id='word_1_102' title='bbox 793 2009 872 2054; x_wconf 88' lang='lat' dir='ltr'><strong>nam</strong></span> <span class='ocrx_word' id='word_1_103' title='bbox 900 1991 1077 2072; x_wconf 88' lang='lat' dir='ltr'><strong>flagellum</strong></span> 
     </span>
     <span class='ocr_line' id='line_1_17' title="bbox 129 2090 1077 2174; baseline 0 -19"><span class='ocrx_word' id='word_1_104' title='bbox 129 2099 239 2173; x_wconf 85' lang='lat' dir='ltr'><strong>portae</strong></span> <span class='ocrx_word' id='word_1_105' title='bbox 270 2091 445 2169; x_wconf 87' lang='lat' dir='ltr'><strong>australis,</strong></span> <span class='ocrx_word' id='word_1_106' title='bbox 478 2112 539 2174; x_wconf 88' lang='lat' dir='ltr'><strong>per</strong></span> <span class='ocrx_word' id='word_1_107' title='bbox 566 2110 670 2174; x_wconf 89' lang='lat' dir='ltr'><strong>quam</strong></span> <span class='ocrx_word' id='word_1_108' title='bbox 701 2091 876 2171; x_wconf 85' lang='lat' dir='ltr'><strong>sugerunt,</strong></span> <span class='ocrx_word' id='word_1_109' title='bbox 908 2090 1001 2172; x_wconf 88' lang='lat' dir='ltr'><strong>quod</strong></span> <span class='ocrx_word' id='word_1_110' title='bbox 1032 2110 1077 2155; x_wconf 83' lang='lat' dir='ltr'><strong>ex</strong></span> 
     </span>
     <span class='ocr_line' id='line_1_18' title="bbox 129 2188 1077 2273; baseline -0.002 -20"><span class='ocrx_word' id='word_1_111' title='bbox 129 2198 329 2255; x_wconf 86' lang='lat' dir='ltr'><strong>transverso</strong></span> <span class='ocrx_word' id='word_1_112' title='bbox 355 2190 448 2254; x_wconf 89' lang='lat' dir='ltr'><strong>illius</strong></span> <span class='ocrx_word' id='word_1_113' title='bbox 469 2199 580 2273; x_wconf 70' lang='lat' dir='ltr'><strong>portae</strong></span> <span class='ocrx_word' id='word_1_114' title='bbox 605 2189 719 2255; x_wconf 87' lang='lat' dir='ltr'><strong>fuerat</strong></span> <span class='ocrx_word' id='word_1_115' title='bbox 740 2188 959 2265; x_wconf 87' lang='lat' dir='ltr'><strong>fabricatum,</strong></span> <span class='ocrx_word' id='word_1_116' title='bbox 985 2189 1077 2270; x_wconf 87' lang='lat' dir='ltr'><strong>fugi·</strong></span> 
     </span>
     <span class='ocr_line' id='line_1_19' title="bbox 128 2289 1077 2372; baseline -0.002 -19"><span class='ocrx_word' id='word_1_117' title='bbox 128 2299 226 2354; x_wconf 88' lang='lat' dir='ltr'><strong>entes</strong></span> <span class='ocrx_word' id='word_1_118' title='bbox 252 2309 322 2354; x_wconf 91' lang='lat' dir='ltr'><strong>non</strong></span> <span class='ocrx_word' id='word_1_119' title='bbox 343 2289 561 2354; x_wconf 89' lang='lat' dir='ltr'><strong>mediocriter</strong></span> <span class='ocrx_word' id='word_1_120' title='bbox 587 2289 791 2372; x_wconf 81' lang='lat' dir='ltr'><strong>impedivit3</strong></span> <span class='ocrx_word' id='word_1_121' title='bbox 825 2289 963 2365; x_wconf 87' lang='lat' dir='ltr'><strong>etenim,</strong></span> <span class='ocrx_word' id='word_1_122' title='bbox 990 2308 1077 2371; x_wconf 92' lang='lat' dir='ltr'><strong>quo·</strong></span> 
     </span>
     <span class='ocr_line' id='line_1_20' title="bbox 129 2378 1076 2471; baseline -0.001 -19"><span class='ocrx_word' id='word_1_123' title='bbox 129 2389 332 2471; x_wconf 90' lang='lat' dir='ltr'><strong>tiescunque</strong></span> <span class='ocrx_word' id='word_1_124' title='bbox 354 2388 480 2471; x_wconf 84' lang='lat' dir='ltr'><strong>aliquis</strong></span> <span class='ocrx_word' id='word_1_125' title='bbox 505 2389 694 2453; x_wconf 83' lang='lat' dir='ltr'><strong>adveniens</strong></span> <span class='ocrx_word' id='word_1_126' title='bbox 716 2388 813 2452; x_wconf 89' lang='lat' dir='ltr'><strong>exire</strong></span> <span class='ocrx_word' id='word_1_127' title='bbox 834 2388 957 2465; x_wconf 88' lang='lat' dir='ltr'><strong>voluit,</strong></span> <span class='ocrx_word' id='word_1_128' title='bbox 976 2378 1076 2469; x_wconf 83' lang='lat' dir='ltr'><strong>opor-</strong></span> 
     </span>
     <span class='ocr_line' id='line_1_21' title="bbox 129 2487 1076 2569; baseline 0 -19"><span class='ocrx_word' id='word_1_129' title='bbox 129 2489 225 2551; x_wconf 89' lang='lat' dir='ltr'><strong>tebat</strong></span> <span class='ocrx_word' id='word_1_130' title='bbox 246 2507 323 2552; x_wconf 86' lang='lat' dir='ltr'><strong>eum</strong></span> <span class='ocrx_word' id='word_1_131' title='bbox 352 2489 396 2551; x_wconf 91' lang='lat' dir='ltr'><strong>ab</strong></span> <span class='ocrx_word' id='word_1_132' title='bbox 427 2506 517 2568; x_wconf 90' lang='lat' dir='ltr'><strong>equo</strong></span> <span class='ocrx_word' id='word_1_133' title='bbox 545 2487 750 2551; x_wconf 90' lang='lat' dir='ltr'><strong>descendere</strong></span> <span class='ocrx_word' id='word_1_134' title='bbox 779 2496 814 2551; x_wconf 88' lang='lat' dir='ltr'><strong>et</strong></span> <span class='ocrx_word' id='word_1_135' title='bbox 836 2495 972 2569; x_wconf 88' lang='lat' dir='ltr'><strong>portam</strong></span> <span class='ocrx_word' id='word_1_136' title='bbox 995 2506 1076 2569; x_wconf 87' lang='lat' dir='ltr'><strong>ape·</strong></span> 
     </span>
     <span class='ocr_line' id='line_1_22' title="bbox 128 2585 1075 2668; baseline 0.001 -20"><span class='ocrx_word' id='word_1_137' title='bbox 128 2586 205 2659; x_wconf 85' lang='lat' dir='ltr'><strong>rire,</strong></span> <span class='ocrx_word' id='word_1_138' title='bbox 225 2606 294 2668; x_wconf 91' lang='lat' dir='ltr'><strong>quo</strong></span> <span class='ocrx_word' id='word_1_139' title='bbox 320 2594 480 2662; x_wconf 86' lang='lat' dir='ltr'><strong>exeunte,</strong></span> <span class='ocrx_word' id='word_1_140' title='bbox 504 2595 605 2668; x_wconf 89' lang='lat' dir='ltr'><strong>porta</strong></span> <span class='ocrx_word' id='word_1_141' title='bbox 628 2586 741 2651; x_wconf 94' lang='lat' dir='ltr'><strong>denuo</strong></span> <span class='ocrx_word' id='word_1_142' title='bbox 763 2586 989 2650; x_wconf 84' lang='lat' dir='ltr'><strong>claudebatur</strong></span> <span class='ocrx_word' id='word_1_143' title='bbox 1011 2585 1075 2649; x_wconf 88' lang='lat' dir='ltr'><strong>fla-</strong></span> 
     </span>
     <span class='ocr_line' id='line_1_23' title="bbox 129 2685 1076 2768; baseline -0.002 -19"><span class='ocrx_word' id='word_1_144' title='bbox 129 2685 222 2768; x_wconf 85' lang='lat' dir='ltr'><strong>gello</strong></span> <span class='ocrx_word' id='word_1_145' title='bbox 257 2693 298 2749; x_wconf 94' lang='lat' dir='ltr'><strong>ut</strong></span> <span class='ocrx_word' id='word_1_146' title='bbox 332 2686 429 2768; x_wconf 90' lang='lat' dir='ltr'><strong>prius</strong></span> <span class='ocrx_word' id='word_1_147' title='bbox 465 2687 580 2768; x_wconf 91' lang='lat' dir='ltr'><strong>posito</strong></span> <span class='ocrx_word' id='word_1_148' title='bbox 621 2705 666 2748; x_wconf 87' lang='lat' dir='ltr'><strong>ex</strong></span> <span class='ocrx_word' id='word_1_149' title='bbox 706 2692 917 2761; x_wconf 84' lang='lat' dir='ltr'><strong>transverso,</strong></span> <span class='ocrx_word' id='word_1_150' title='bbox 957 2685 1076 2765; x_wconf 91' lang='lat' dir='ltr'><strong>sicque</strong></span> 
     </span>
     <span class='ocr_line' id='line_1_24' title="bbox 128 2782 1076 2867; baseline -0.004 -19"><span class='ocrx_word' id='word_1_151' title='bbox 128 2791 231 2867; x_wconf 89' lang='lat' dir='ltr'><strong>porta</strong></span> <span class='ocrx_word' id='word_1_152' title='bbox 256 2784 318 2847; x_wconf 85' lang='lat' dir='ltr'><strong>illa</strong></span> <span class='ocrx_word' id='word_1_153' title='bbox 339 2784 551 2866; x_wconf 81' lang='lat' dir='ltr'><strong>fugientibus</strong></span> <span class='ocrx_word' id='word_1_154' title='bbox 575 2784 677 2848; x_wconf 92' lang='lat' dir='ltr'><strong>nimis</strong></span> <span class='ocrx_word' id='word_1_155' title='bbox 704 2783 851 2846; x_wconf 90' lang='lat' dir='ltr'><strong>molesta</strong></span> <span class='ocrx_word' id='word_1_156' title='bbox 873 2782 948 2845; x_wconf 85' lang='lat' dir='ltr'><strong>suit.</strong></span> <span class='ocrx_word' id='word_1_157' title='bbox 1014 2782 1076 2844; x_wconf 92' lang='lat' dir='ltr'><strong>In·</strong></span> 
     </span>
     <span class='ocr_line' id='line_1_25' title="bbox 128 2880 1075 2964; baseline -0.003 -18"><span class='ocrx_word' id='word_1_158' title='bbox 128 2884 240 2947; x_wconf 89' lang='lat' dir='ltr'><strong>secuti</strong></span> <span class='ocrx_word' id='word_1_159' title='bbox 261 2890 344 2946; x_wconf 92' lang='lat' dir='ltr'><strong>sunt</strong></span> <span class='ocrx_word' id='word_1_160' title='bbox 364 2891 479 2946; x_wconf 85' lang='lat' dir='ltr'><strong>autem</strong></span> <span class='ocrx_word' id='word_1_161' title='bbox 503 2882 673 2964; x_wconf 85' lang='lat' dir='ltr'><strong>fugientes</strong></span> <span class='ocrx_word' id='word_1_162' title='bbox 695 2882 842 2945; x_wconf 84' lang='lat' dir='ltr'><strong>barones</strong></span> <span class='ocrx_word' id='word_1_163' title='bbox 865 2887 901 2944; x_wconf 93' lang='lat' dir='ltr'><strong>et</strong></span> <span class='ocrx_word' id='word_1_164' title='bbox 921 2880 1075 2943; x_wconf 82' lang='lat' dir='ltr'><strong>Francos</strong></span> 
     </span>
     <span class='ocr_line' id='line_1_26' title="bbox 128 2979 1076 3065; baseline -0.004 -20"><span class='ocrx_word' id='word_1_165' title='bbox 128 2981 256 3045; x_wconf 88' lang='lat' dir='ltr'><strong>milites</strong></span> <span class='ocrx_word' id='word_1_166' title='bbox 275 2983 389 3063; x_wconf 78' lang='lat' dir='ltr'><strong>regis3</strong></span> <span class='ocrx_word' id='word_1_167' title='bbox 413 2982 486 3059; x_wconf 90' lang='lat' dir='ltr'><strong>sed,</strong></span> <span class='ocrx_word' id='word_1_168' title='bbox 508 2982 589 3046; x_wconf 92' lang='lat' dir='ltr'><strong>licet</strong></span> <span class='ocrx_word' id='word_1_169' title='bbox 606 2982 722 3065; x_wconf 86' lang='lat' dir='ltr'><strong>plures</strong></span> <span class='ocrx_word' id='word_1_170' title='bbox 741 2981 778 3043; x_wconf 91' lang='lat' dir='ltr'><strong>in</strong></span> <span class='ocrx_word' id='word_1_171' title='bbox 800 2979 963 3062; x_wconf 84' lang='lat' dir='ltr'><strong>fugiendo</strong></span> <span class='ocrx_word' id='word_1_172' title='bbox 982 2979 1076 3061; x_wconf 91' lang='lat' dir='ltr'><strong>capti</strong></span> 
     </span>
     <span class='ocr_line' id='line_1_27' title="bbox 129 3079 1074 3160; baseline -0.002 -17"><span class='ocrx_word' id='word_1_173' title='bbox 129 3081 287 3158; x_wconf 85' lang='lat' dir='ltr'><strong>fuissent,</strong></span> <span class='ocrx_word' id='word_1_174' title='bbox 321 3081 400 3145; x_wconf 90' lang='lat' dir='ltr'><strong>ficte</strong></span> <span class='ocrx_word' id='word_1_175' title='bbox 434 3089 551 3144; x_wconf 88' lang='lat' dir='ltr'><strong>tamen</strong></span> <span class='ocrx_word' id='word_1_176' title='bbox 586 3081 733 3145; x_wconf 90' lang='lat' dir='ltr'><strong>insecuti</strong></span> <span class='ocrx_word' id='word_1_177' title='bbox 765 3089 846 3142; x_wconf 91' lang='lat' dir='ltr'><strong>sunt</strong></span> <span class='ocrx_word' id='word_1_178' title='bbox 874 3098 945 3156; x_wconf 91' lang='lat' dir='ltr'><strong>eos,</strong></span> <span class='ocrx_word' id='word_1_179' title='bbox 981 3079 1074 3160; x_wconf 86' lang='lat' dir='ltr'><strong>quia,</strong></span> 
     </span>
     <span class='ocr_line' id='line_1_28' title="bbox 127 3179 1077 3261; baseline -0.002 -19"><span class='ocrx_word' id='word_1_180' title='bbox 127 3180 195 3242; x_wconf 90' lang='lat' dir='ltr'><strong>nisi</strong></span> <span class='ocrx_word' id='word_1_181' title='bbox 219 3198 407 3244; x_wconf 89' lang='lat' dir='ltr'><strong>consensus</strong></span> <span class='ocrx_word' id='word_1_182' title='bbox 432 3180 745 3261; x_wconf 86' lang='lat' dir='ltr'><strong>consanguinitatis</strong></span> <span class='ocrx_word' id='word_1_183' title='bbox 771 3187 807 3242; x_wconf 90' lang='lat' dir='ltr'><strong>et</strong></span> <span class='ocrx_word' id='word_1_184' title='bbox 832 3179 945 3242; x_wconf 86' lang='lat' dir='ltr'><strong>carnis</strong></span> <span class='ocrx_word' id='word_1_185' title='bbox 970 3179 1077 3241; x_wconf 87' lang='lat' dir='ltr'><strong>inter·</strong></span> 
     </span>
     <span class='ocr_line' id='line_1_29' title="bbox 130 3276 1075 3362; baseline -0.001 -21"><span class='ocrx_word' id='word_1_186' title='bbox 130 3280 294 3356; x_wconf 88' lang='lat' dir='ltr'><strong>venisset,</strong></span> <span class='ocrx_word' id='word_1_187' title='bbox 327 3299 390 3343; x_wconf 89' lang='lat' dir='ltr'><strong>nec</strong></span> <span class='ocrx_word' id='word_1_188' title='bbox 418 3297 481 3362; x_wconf 89' lang='lat' dir='ltr'><strong>pes</strong></span> <span class='ocrx_word' id='word_1_189' title='bbox 511 3298 601 3342; x_wconf 88' lang='lat' dir='ltr'><strong>unus</strong></span> <span class='ocrx_word' id='word_1_190' title='bbox 632 3298 676 3343; x_wconf 81' lang='lat' dir='ltr'><strong>ex</strong></span> <span class='ocrx_word' id='word_1_191' title='bbox 706 3278 864 3341; x_wconf 92' lang='lat' dir='ltr'><strong>omnibus</strong></span> <span class='ocrx_word' id='word_1_192' title='bbox 895 3276 1075 3342; x_wconf 86' lang='lat' dir='ltr'><strong>evasisset.</strong></span> 
     </span>
     <span class='ocr_line' id='line_1_30' title="bbox 129 3375 1076 3458; baseline -0.003 -17"><span class='ocrx_word' id='word_1_193' title='bbox 129 3377 209 3454; x_wconf 92' lang='lat' dir='ltr'><strong>Sed,</strong></span> <span class='ocrx_word' id='word_1_194' title='bbox 239 3397 282 3442; x_wconf 90' lang='lat' dir='ltr'><strong>ne</strong></span> <span class='ocrx_word' id='word_1_195' title='bbox 309 3397 503 3442; x_wconf 87' lang='lat' dir='ltr'><strong>sermonem</strong></span> <span class='ocrx_word' id='word_1_196' title='bbox 529 3377 677 3441; x_wconf 87' lang='lat' dir='ltr'><strong>inaniter</strong></span> <span class='ocrx_word' id='word_1_197' title='bbox 704 3376 834 3440; x_wconf 90' lang='lat' dir='ltr'><strong>diutius</strong></span> <span class='ocrx_word' id='word_1_198' title='bbox 864 3375 1076 3458; x_wconf 84' lang='lat' dir='ltr'><strong>protraham,</strong></span> 
     </span>
     <span class='ocr_line' id='line_1_31' title="bbox 128 3475 1076 3559; baseline -0.003 -19"><span class='ocrx_word' id='word_1_199' title='bbox 128 3477 222 3559; x_wconf 85' lang='lat' dir='ltr'><strong>capti</strong></span> <span class='ocrx_word' id='word_1_200' title='bbox 244 3486 325 3541; x_wconf 87' lang='lat' dir='ltr'><strong>sunt</strong></span> <span class='ocrx_word' id='word_1_201' title='bbox 342 3497 386 3541; x_wconf 80' lang='lat' dir='ltr'><strong>ex</strong></span> <span class='ocrx_word' id='word_1_202' title='bbox 404 3477 590 3540; x_wconf 92' lang='lat' dir='ltr'><strong>baronibus</strong></span> <span class='ocrx_word' id='word_1_203' title='bbox 612 3477 803 3559; x_wconf 91' lang='lat' dir='ltr'><strong>capitaneis</strong></span> <span class='ocrx_word' id='word_1_204' title='bbox 820 3475 946 3539; x_wconf 90' lang='lat' dir='ltr'><strong>Saerus</strong></span> <span class='ocrx_word' id='word_1_205' title='bbox 962 3494 1076 3538; x_wconf 90' lang='lat' dir='ltr'><strong>comes</strong></span> 
     </span>
     <span class='ocr_line' id='line_1_32' title="bbox 127 3571 1076 3652; baseline -0.004 -14"><span class='ocrx_word' id='word_1_206' title='bbox 127 3574 392 3652; x_wconf 88' lang='lat' dir='ltr'><strong>Wintoniensis,</strong></span> <span class='ocrx_word' id='word_1_207' title='bbox 425 3575 601 3639; x_wconf 89' lang='lat' dir='ltr'><strong>Henricus</strong></span> <span class='ocrx_word' id='word_1_208' title='bbox 631 3575 673 3639; x_wconf 90' lang='lat' dir='ltr'><strong>de</strong></span> <span class='ocrx_word' id='word_1_209' title='bbox 700 3575 827 3638; x_wconf 92' lang='lat' dir='ltr'><strong>Buhun</strong></span> <span class='ocrx_word' id='word_1_210' title='bbox 857 3591 972 3637; x_wconf 89' lang='lat' dir='ltr'><strong>comes</strong></span> <span class='ocrx_word' id='word_1_211' title='bbox 1001 3571 1076 3635; x_wconf 90' lang='lat' dir='ltr'><strong>He-</strong></span> 
     </span>
     <span class='ocr_line' id='line_1_33' title="bbox 127 3672 1076 3753; baseline -0.006 -16"><span class='ocrx_word' id='word_1_212' title='bbox 127 3672 295 3752; x_wconf 84' lang='lat' dir='ltr'><strong>refordiae,</strong></span> <span class='ocrx_word' id='word_1_213' title='bbox 319 3694 433 3739; x_wconf 87' lang='lat' dir='ltr'><strong>comes</strong></span> <span class='ocrx_word' id='word_1_214' title='bbox 460 3673 660 3738; x_wconf 86' lang='lat' dir='ltr'><strong>Gilebertus</strong></span> <span class='ocrx_word' id='word_1_215' title='bbox 681 3674 725 3737; x_wconf 91' lang='lat' dir='ltr'><strong>de</strong></span> <span class='ocrx_word' id='word_1_216' title='bbox 754 3672 861 3748; x_wconf 88' lang='lat' dir='ltr'><strong>Gant,</strong></span> <span class='ocrx_word' id='word_1_217' title='bbox 884 3689 986 3753; x_wconf 90' lang='lat' dir='ltr'><strong>quem</strong></span> <span class='ocrx_word' id='word_1_218' title='bbox 1012 3689 1076 3732; x_wconf 92' lang='lat' dir='ltr'><strong>nu·</strong></span> 
     </span>
     <span class='ocr_line' id='line_1_34' title="bbox 126 3770 1076 3855; baseline -0.006 -19"><span class='ocrx_word' id='word_1_219' title='bbox 126 3793 189 3855; x_wconf 84' lang='lat' dir='ltr'><strong>per</strong></span> <span class='ocrx_word' id='word_1_220' title='bbox 211 3773 416 3839; x_wconf 86' lang='lat' dir='ltr'><strong>Lodowicus</strong></span> <span class='ocrx_word' id='word_1_221' title='bbox 438 3772 568 3838; x_wconf 85' lang='lat' dir='ltr'><strong>fecerat</strong></span> <span class='ocrx_word' id='word_1_222' title='bbox 586 3774 744 3837; x_wconf 90' lang='lat' dir='ltr'><strong>comitem</strong></span> <span class='ocrx_word' id='word_1_223' title='bbox 775 3770 1076 3847; x_wconf 81' lang='lat' dir='ltr'><strong>Lincolniensem3</strong></span> 
     </span>
     <span class='ocr_line' id='line_1_35' title="bbox 127 3870 1075 3937; baseline -0.007 -1"><span class='ocrx_word' id='word_1_224' title='bbox 127 3891 242 3937; x_wconf 91' lang='lat' dir='ltr'><strong>comes</strong></span> <span class='ocrx_word' id='word_1_225' title='bbox 287 3872 496 3937; x_wconf 89' lang='lat' dir='ltr'><strong>Perticensis</strong></span> <span class='ocrx_word' id='word_1_226' title='bbox 535 3873 583 3936; x_wconf 93' lang='lat' dir='ltr'><strong>ibi</strong></span> <span class='ocrx_word' id='word_1_227' title='bbox 622 3871 791 3934; x_wconf 88' lang='lat' dir='ltr'><strong>remansit</strong></span> <span class='ocrx_word' id='word_1_228' title='bbox 823 3870 859 3931; x_wconf 94' lang='lat' dir='ltr'><strong>in</strong></span> <span class='ocrx_word' id='word_1_229' title='bbox 900 3873 1075 3931; x_wconf 87' lang='lat' dir='ltr'><strong>aeternum.</strong></span> 
     </span>
    </p>
   </div>
   <div class='ocr_carea' id='block_1_5' title="bbox 127 4073 1080 4282">
    <p class='ocr_par' dir='ltr' id='par_1_5' title="bbox 127 4073 1080 4282">
     <span class='ocr_line' id='line_1_36' title="bbox 164 4073 1080 4143; baseline -0.01 -12"><span class='ocrx_word' id='word_1_230' title='bbox 164 4078 295 4130; x_wconf 77' lang='lat' dir='ltr'><strong>¹Verbsm</strong></span> <span class='ocrx_word' id='word_1_231' title='bbox 322 4081 388 4129; x_wconf 78' lang='lat' dir='ltr'><strong>altro</strong></span> <span class='ocrx_word' id='word_1_232' title='bbox 410 4096 457 4129; x_wconf 75' lang='lat' dir='ltr'><strong>non</strong></span> <span class='ocrx_word' id='word_1_233' title='bbox 481 4081 592 4143; x_wconf 73' lang='lat' dir='ltr'><strong>edidit]</strong></span> <span class='ocrx_word' id='word_1_234' title='bbox 618 4094 679 4141; x_wconf 85' lang='lat' dir='ltr'><strong>year</strong></span> <span class='ocrx_word' id='word_1_235' title='bbox 697 4078 725 4127; x_wconf 81' lang='lat' dir='ltr'><strong>of</strong></span> <span class='ocrx_word' id='word_1_236' title='bbox 741 4077 782 4126; x_wconf 86' lang='lat' dir='ltr'><strong>his</strong></span> <span class='ocrx_word' id='word_1_237' title='bbox 801 4090 863 4140; x_wconf 77' lang='lat' dir='ltr'><strong>age3</strong></span> <span class='ocrx_word' id='word_1_238' title='bbox 888 4091 915 4138; x_wconf 89' lang='lat' dir='ltr'><strong>p.</strong></span> <span class='ocrx_word' id='word_1_239' title='bbox 934 4078 990 4125; x_wconf 89' lang='lat'>111.</span> <span class='ocrx_word' id='word_1_240' title='bbox 1025 4073 1080 4123; x_wconf 82' lang='lat' dir='ltr'><strong>The</strong></span> 
     </span>
     <span class='ocr_line' id='line_1_37' title="bbox 130 4143 1080 4212; baseline -0.007 -13"><span class='ocrx_word' id='word_1_241' title='bbox 130 4150 275 4212; x_wconf 80' lang='lat' dir='ltr'><strong>According</strong></span> <span class='ocrx_word' id='word_1_242' title='bbox 293 4156 319 4199; x_wconf 87' lang='lat' dir='ltr'><strong>to</strong></span> <span class='ocrx_word' id='word_1_243' title='bbox 337 4150 418 4212; x_wconf 88' lang='lat' dir='ltr'><strong>Brito,</strong></span> <span class='ocrx_word' id='word_1_244' title='bbox 434 4151 466 4199; x_wconf 85' lang='lat' dir='ltr'><strong>he</strong></span> <span class='ocrx_word' id='word_1_245' title='bbox 483 4150 534 4200; x_wconf 88' lang='lat' dir='ltr'><strong>had</strong></span> <span class='ocrx_word' id='word_1_246' title='bbox 551 4155 594 4199; x_wconf 89' lang='lat' dir='ltr'><strong>not</strong></span> <span class='ocrx_word' id='word_1_247' title='bbox 619 4148 754 4209; x_wconf 82' lang='lat' dir='ltr'><strong>Waverley</strong></span> <span class='ocrx_word' id='word_1_248' title='bbox 777 4146 876 4197; x_wconf 85' lang='lat' dir='ltr'><strong>Annals</strong></span> <span class='ocrx_word' id='word_1_249' title='bbox 903 4160 950 4210; x_wconf 78' lang='lat' dir='ltr'><strong>say</strong></span> <span class='ocrx_word' id='word_1_250' title='bbox 972 4145 1026 4194; x_wconf 81' lang='lat' dir='ltr'><strong>that</strong></span> <span class='ocrx_word' id='word_1_251' title='bbox 1048 4143 1080 4193; x_wconf 88' lang='lat' dir='ltr'><strong>he</strong></span> 
     </span>
     <span class='ocr_line' id='line_1_38' title="bbox 127 4218 878 4282; baseline -0.003 -14"><span class='ocrx_word' id='word_1_252' title='bbox 127 4219 186 4270; x_wconf 84' lang='lat' dir='ltr'><strong>theu</strong></span> <span class='ocrx_word' id='word_1_253' title='bbox 195 4219 337 4282; x_wconf 83' lang='lat' dir='ltr'><strong>completed</strong></span> <span class='ocrx_word' id='word_1_254' title='bbox 344 4219 386 4268; x_wconf 84' lang='lat' dir='ltr'><strong>the</strong></span> <span class='ocrx_word' id='word_1_255' title='bbox 393 4220 594 4281; x_wconf 82' lang='lat' dir='ltr'><strong>twenty-second</strong></span> <span class='ocrx_word' id='word_1_256' title='bbox 619 4232 673 4269; x_wconf 84' lang='lat' dir='ltr'><strong>was</strong></span> <span class='ocrx_word' id='word_1_257' title='bbox 684 4224 728 4267; x_wconf 89' lang='lat' dir='ltr'><strong>not</strong></span> <span class='ocrx_word' id='word_1_258' title='bbox 738 4223 781 4280; x_wconf 76' lang='lat' dir='ltr'><strong>yet</strong></span> <span class='ocrx_word' id='word_1_259' title='bbox 792 4218 878 4278; x_wconf 85' lang='lat' dir='ltr'><strong>thirty.</strong></span> 
     </span>
    </p>
   </div>
   <div class='ocr_carea' id='block_1_6' title="bbox 1090 626 1213 767">
    <p class='ocr_par' dir='ltr' id='par_1_6' title="bbox 1090 626 1213 767">
     <span class='ocr_line' id='line_1_39' title="bbox 1090 626 1213 666; baseline -0.008 0"><span class='ocrx_word' id='word_1_260' title='bbox 1090 626 1145 666; x_wconf 73' lang='lat' dir='ltr'><strong>Al).</strong></span> <span class='ocrx_word' id='word_1_261' title='bbox 1158 627 1213 666; x_wconf 79' lang='lat' dir='ltr'><strong>lm.</strong></span> 
     </span>
     <span class='ocr_line' id='line_1_40' title="bbox 1091 677 1195 716; baseline 0 0"><span class='ocrx_word' id='word_1_262' title='bbox 1091 677 1162 716; x_wconf 77' lang='lat' dir='ltr'><strong>Batus</strong></span> <span class='ocrx_word' id='word_1_263' title='bbox 1170 677 1195 716; x_wconf 74' lang='lat' dir='ltr'><strong>ot</strong></span> 
     </span>
     <span class='ocr_line' id='line_1_41' title="bbox 1090 726 1186 767; baseline -0.01 0"><span class='ocrx_word' id='word_1_264' title='bbox 1090 726 1186 767; x_wconf 82' lang='lat' dir='ltr'><strong>Lhreolu.</strong></span> 
     </span>
    </p>
   </div>
   <div class='ocr_carea' id='block_1_7' title="bbox 0 0 1494 4996">
    <p class='ocr_par' dir='ltr' id='par_1_7' title="bbox 0 0 1494 4996">
     <span class='ocr_line' id='line_1_42' title="bbox 0 0 1494 4996; baseline 0 1"><span class='ocrx_word' id='word_1_265' title='bbox 0 0 1494 4996; x_wconf 95' lang='lat' dir='ltr'><strong> </strong></span> 
     </span>
    </p>
   </div>
  </div>
 </body>
</html>
