2978 4996
413 456 550 505 anonas
574 455 844 506 ursroarnaun.
1061 442 1105 506 29

153 618 291 689 verunt,
318 612 362 676 ad
395 631 492 676 arma
515 614 700 694 prosiliunt
723 621 758 678 et
781 614 937 678 hostibus
959 614 1240 679 virilitatis-121⁷·

154 714 369 777 restiterunt.
433 712 617 795 Philippus
649 733 786 795 quoque
807 714 851 777 de
876 712 1047 778 Albeneio
1071 722 1106 778 et

153 812 336 888 balistarii,
370 830 448 875 cum
484 812 688 892 sagittariis,
722 814 812 876 iuter
848 813 1001 877 Francos
1035 815 1106 878 tela

155 909 334 976 mortifera
356 910 543 992 dirigentes
574 913 715 974 nimiam
747 931 791 975 ex
823 914 1040 976 obstantibus
1070 914 1106 976 in

155 1010 265 1074 brevi
284 1017 437 1091 stragem
471 1009 636 1075 fecerunt.
697 1009 907 1075 Habuerunt
937 1019 1106 1094 praeterea

154 1109 287 1190 galoius
314 1109 404 1172 ferro
430 1116 610 1186 rostratas,
637 1109 762 1191 quihus
784 1129 892 1173 naves
915 1111 1106 1174 adversari-

156 1228 253 1272 orum
284 1206 500 1290 perforantes
533 1209 659 1272 multos
684 1209 720 1272 in
749 1217 922 1272 momento
951 1211 1107 1273 submer-

158 1314 303 1385 serunt3
339 1306 468 1370 calcem
498 1326 635 1389 quoque
661 1308 777 1372 vivam
804 1309 901 1371 etin
929 1308 1104 1391 pulverem

158 1408 332 1471 redactam
355 1407 391 1470 in
413 1406 522 1470 altum
549 1406 784 1490 projicientes,
806 1416 911 1472 vento
938 1408 1034 1472 illam
1058 1409 1106 1471 fe-

157 1515 265 1582 rente,
302 1506 513 1572 Francorum
546 1506 665 1570 oculos
704 1517 979 1572 excaecaverunt.
1049 1508 1108 1571 Fit

157 1606 384 1686 gravissimus
413 1606 504 1669 inter
531 1614 647 1687 partes
679 1606 873 1683 conflictus,
904 1607 964 1670 sed
992 1613 1107 1671 tamen

158 1724 239 1786 pars
263 1705 487 1781 Francorum,
510 1724 655 1786 quorum
677 1725 761 1770 usus
791 1725 861 1769 uon
883 1705 997 1770 fuerat
1019 1726 1108 1788 prae-

158 1804 240 1867 lium
273 1805 397 1871 navale
428 1823 620 1880 conserere,
651 1805 686 1867 in
717 1806 814 1869 brevi
848 1812 924 1869 erat
949 1805 1106 1870 funditus

158 1902 358 1980 infirmata;
405 1923 486 1967 nam
520 1905 569 1989 ab
595 1902 720 1990 Anglis
752 1904 976 1968 bellatoribus
1009 1905 1106 1968 etin

160 2003 290 2069 navali·
310 2003 430 2084 praelio
468 2003 611 2066 eruditis
643 2003 721 2067 telis
758 2003 1042 2067 confodiebantur
1073 2011 1108 2066 et

160 2102 311 2182 sagittis,
348 2102 477 2166 lanceis
510 2102 775 2185 jugulabantur,
809 2101 934 2183 gladiis
969 2110 1108 2166 trunca-

159 2201 298 2277 bantur,
321 2202 468 2266 navibns
494 2201 677 2283 perforatis
699 2202 1021 2282 submergebantur‚
1045 2222 1107 2266 nec

159 2308 235 2364 erat
256 2319 337 2382 spes
368 2301 442 2364 ulla
476 2301 701 2383 Francigenis
729 2302 910 2378 evadendi,
932 2302 1036 2379 unde,
1064 2322 1108 2365 ne

160 2407 367 2482 caperentur
388 2401 432 2463 ab
455 2398 612 2463 hostibus
630 2401 713 2476 vivi,
733 2410 856 2483 sponte
882 2420 958 2464 sese
976 2402 1010 2464 in
1034 2420 1107 2464 ma·

161 2500 208 2562 ris
235 2498 397 2562 fluctibus
423 2499 656 2582 projecerunt,
678 2500 846 2581 eligentes
876 2502 990 2582 potius
1021 2501 1108 2565 mori

160 2616 265 2679 quam
282 2600 327 2661 ab
345 2597 553 2679 Angligcnis
571 2600 761 2683 subjugari.
816 2599 983 2663 Omnibus
1002 2599 1109 2681 igitur

160 2697 356 2781 subjugatis
379 2699 439 2779 qni
463 2698 533 2761 vivi
556 2707 793 2762 remanserant
816 2719 861 2762 ex
884 2699 1109 2762 nobilioribus

162 2796 400 2878 Francigeuis,
418 2796 565 2860 victores
583 2795 691 2877 Angli
714 2815 821 2859 naves
841 2816 959 2859 omnes
978 2797 1107 2860 viribus

159 2898 320 2960 obtentas
353 2895 491 2958 funibus
525 2895 748 2977 colligabant,
782 2904 887 2977 atque
920 2914 998 2958 cum
1026 2895 1110 2959 laeta

160 2994 308 3059 victoria
319 3014 440 3059 versus
456 2996 630 3058 Doveram
649 3013 790 3077 aequora
804 2995 979 3058 sulcantes
995 2995 1108 3058 Deum

160 3095 196 3157 in
225 3095 298 3159 suis
328 3095 489 3176 operibus
520 3094 775 3159 collaudabant.
827 3094 997 3160 Videntes
1026 3114 1109 3176 ergo

161 3194 287 3256 milites
304 3193 439 3258 castelli
459 3195 671 3277 inopinatam
689 3195 756 3258 Dei
770 3195 933 3258 virtutem
950 3196 1110 3258 exierunt

159 3293 298 3357 obviam
320 3294 539 3359 venientibus
562 3292 699 3375 Anglis,
723 3301 830 3375 atque
858 3293 980 3358 Gallos
1002 3294 1109 3356 male·

162 3392 291 3457 satatos
312 3392 458 3459 vinculis
480 3394 685 3456 arctioribus
704 3393 996 3458 constrinxerunt.
1051 3393 1110 3456 ln-

159 3501 213 3555 ter
233 3500 377 3556 caeteros
399 3500 515 3555 antem
536 3491 578 3555 de
601 3492 708 3556 fundo
728 3492 907 3575 cujusdam
929 3493 1028 3556 navis
1049 3512 1110 3556 ex-

160 3598 293 3655 tractus
322 3599 387 3668 est,
412 3591 469 3654 din
499 3592 667 3673 quaesitus
689 3592 748 3655 sed
772 3592 911 3655 tandem
939 3599 1108 3674 repertus,

160 3690 369 3754 Eustachius
393 3690 600 3768 Monachus,
623 3692 778 3774 proditor
800 3691 892 3771 regis
913 3688 1052 3771 Angliae
1075 3699 1110 3754 et

159 3791 274 3871 pirata
300 3791 543 3872 nequissimus
575 3791 646 3872 qui,
680 3810 758 3854 cum
787 3809 825 3852 se
858 3789 1108 3870 deprehensum

157 3890 391 3970 cognovisset,
427 3890 550 3954 obtulit
582 3910 643 3972 pro
674 3892 748 3953 vita
784 3907 849 3951 sua
882 3895 918 3950 ct
949 3889 1109 3953 memhris

161 4007 323 4069 magnam
351 3990 506 4071 pecuniae
534 3990 776 4070 quantitatem,
805 3995 840 4052 et
862 3988 954 4069 quod
978 3988 1020 4052 de
1043 4008 1111 4053 cae·

162 4095 236 4154 tero
250 4090 314 4151 sub
328 4107 410 4169 rege
426 4087 619 4169 Anglorum
638 4089 785 4152 fideliter
800 4087 984 4167 militaret;
1008 4108 1111 4170 quem

160 4188 329 4270 arripiens
362 4187 571 4265 Richardus,
602 4189 693 4252 filins
725 4187 816 4269 regis
848 4187 1020 4252 Johannis
1051 4208 1113 4254 uo·
