2978 4996
387 453 527 503 enonas
550 456 822 506 arsrorunnuu.
1016 447 1083 510 265

128 617 310 676 caurorum
331 612 437 675 etiam
465 631 606 675 snorum
635 631 698 674 rex
726 609 776 674 eis
797 611 973 675 custodias
1002 633 1080 677 cnm
1094 634 1217 675 anua.

128 712 263 792 legibus
280 710 404 793 patriis
420 718 456 774 et
467 709 608 793 judiciis
625 710 808 773 commisit.
848 708 941 788 Quid
959 711 1080 793 plura?

129 808 270 873 Jndicia
298 809 560 873 committuntur
585 808 738 890 injustis,
770 807 865 888 leges
888 808 1080 890 exlegibus,

128 927 200 990 pax
230 906 520 982 discordantibus,
550 906 690 988 justitia
717 905 912 989 injuriosis;
939 915 974 971 et
1002 928 1079 973 cnm

130 1007 263 1071 nobiles
279 1006 323 1069 de
338 1025 445 1087 regno
466 1005 510 1068 de
529 1005 809 1086 oppressionibus
831 1005 897 1068 sibi
918 1006 1080 1088 irrogatis

120 1123 245 1169 coram
274 1124 356 1186 rege
385 1104 634 1187 querimoniam
662 1103 885 1185 deponerent,
917 1106 1080 1188 episcopo

129 1198 338 1286 impediente
362 1202 541 1286 praedicto,
570 1220 639 1264 non
664 1202 730 1265 snit
756 1203 817 1285 qui
839 1203 888 1266 eis
905 1203 1080 1286 justitiam

128 1301 317 1365 exhiberet.
374 1300 567 1383 Episcopos
601 1301 705 1363 etiam
742 1300 910 1383 quosdam
940 1300 1080 1385 Angliae

127 1399 217 1463 idem
241 1401 423 1482 episcopus
442 1400 494 1463 ita
512 1398 604 1480 apud
627 1418 743 1480 regem
765 1401 964 1479 accusabat,
987 1403 1080 1486 quod

129 1498 267 1563 eosdem
285 1500 386 1585 quasi
401 1498 519 1562 hostes
534 1497 691 1580 publicos
708 1498 887 1563 devitaret.

291 1671 383 1746 Quod
393 1670 605 1735 Marescallos
618 1692 716 1756 rapam
730 1671 915 1757 increpavit.

181 1793 337 1877 Cumque
352 1794 406 1858 bis
424 1801 459 1859 et
476 1794 711 1858 consimilibus
728 1794 863 1877 injuriis
882 1796 1079 1861 Richardus
1091 1809 1138 1851 The
1148 1810 1192 1850 0²1¹

129 1911 255 1969 comes,
289 1894 387 1974 regni
416 1893 658 1969 Marescallus,
680 1893 813 1956 videret
842 1901 913 1957 tam
947 1897 1078 1960 nobiles
1091 1861 1229 1951 diffid-

130 2010 233 2074 quam
255 1992 425 2073 ignobiles
450 1993 644 2073 opprimere
662 1998 698 2055 et
715 1991 796 2074 jura
821 1993 919 2073 regni
941 1995 1079 2074 penitus

129 2090 296 2173 deperire,
309 2090 383 2155 zelo
393 2090 541 2173 justitiae
556 2097 777 2172 provocatus,
796 2084 995 2156 ¹associatis
1013 2094 1078 2156 sibi

128 2190 333 2271 quibusdam
357 2190 591 2269 magnatibus,
619 2189 662 2252 ad
688 2209 804 2270 regem
828 2191 993 2255 audacter
1020 2210 1078 2255 ac·

129 2290 245 2366 cessit,
268 2289 451 2369 increpans
474 2308 564 2363 eum,
584 2287 803 2352 audientibus
829 2288 959 2367 multis,
985 2291 1078 2373 quod

128 2405 190 2468 per
226 2405 372 2469 pravum
409 2387 588 2450 consilium
624 2387 855 2452 advocaverat
892 2396 1077 2453 extraneos

130 2482 367 2562 Pictavenses,
391 2485 425 2548 in
444 2487 701 2567 oppressionem
722 2488 819 2568 regni
843 2494 877 2550 et
901 2487 1077 2552 hominum

129 2602 268 2648 snorum
293 2585 336 2648 de
362 2603 468 2665 regno
493 2585 714 2660 naturalium,
740 2586 855 2667 legum
885 2587 1015 2666 pariter
1036 2607 1078 2651 ac

129 2682 355 2762 libertatnm3
389 2682 479 2746 unde
505 2703 621 2764 regem
650 2682 824 2747 humiliter
855 2685 1013 2767 rogabat,
1038 2694 1078 2751 nt

130 2781 218 2845 tales
241 2800 405 2846 excessus
427 2782 599 2863 corrigere
614 2781 804 2856 festinaret,
828 2801 890 2862 per
911 2801 999 2863 quos
1018 2802 1077 2846 co·

129 2898 224 2944 ronse
255 2900 328 2944 suar
359 2888 395 2944 et
428 2881 526 2960 regni
556 2881 612 2943 sui
643 2880 823 2943 subversio
855 2880 1075 2961 imminebat;

129 2978 324 3043 affirmabat
349 2979 502 3060 insuper,
528 2979 633 3059 qnod,
659 2978 689 3041 si
712 2978 778 3041 hoc
804 2979 986 3043 emendare
1013 2980 1078 3043 dii-

129 3078 275 3159 fugeret,
296 3080 371 3160 ipse
393 3086 428 3141 et
451 3078 566 3141 caeteri
589 3078 631 3141 de
655 3096 761 3157 regno
783 3086 965 3158 magnates
989 3086 1078 3142 tam-

129 3176 187 3241 diu
213 3197 252 3241 se
279 3178 322 3240 ab
344 3177 453 3258 ipsius
475 3176 618 3240 consilio
638 3176 892 3254 subtraherent,
913 3179 1078 3259 quamdiu

129 3275 397 3357 alienigenarum
418 3276 592 3339 consortio
611 3274 792 3341 frueretur.
843 3275 900 3340 Ad
919 3278 993 3342 haec
1017 3297 1079 3341 au-

130 3382 199 3439 tem
222 3374 433 3457 respondens
457 3374 594 3451 Petrus,
610 3374 861 3439 Wintoniensis
883 3379 1077 3460 episcopus,

130 3473 230 3551 dixit,
260 3474 352 3556 qnod
379 3474 465 3536 bene
496 3473 593 3536 licuit
622 3473 761 3538 domino
788 3476 860 3555 regi
893 3485 1078 3541 extraneos

129 3591 364 3655 quoscumque
387 3572 493 3637 vellet
510 3591 634 3636 vocare
657 3573 701 3635 ad
727 3572 958 3636 defensionem
981 3575 1078 3655 regni

130 3673 182 3736 sni
206 3679 242 3737 et
259 3691 408 3748 coronae,
435 3679 471 3735 et
490 3672 594 3734 etiam
614 3678 667 3734 tot
686 3679 721 3734 et
736 3671 835 3746 tales,
854 3673 913 3752 qui
937 3680 1078 3753 possent

130 3769 286 3834 homines
316 3771 391 3854 ejus
420 3771 586 3852 superbos
614 3777 648 3833 et
679 3768 823 3833 rebelles
852 3770 895 3832 ad
926 3770 1078 3833 debitum

129 3870 333 3952 compellere
351 3869 568 3933 famulatum.
635 3868 759 3932 Comes
783 3886 867 3931 vero
890 3867 1078 3932 Marescal-

161 4069 517 4135 ¹Associatissibiqaidusdam
524 4087 591 4133 arag·
616 4086 676 4120 nens
688 4071 837 4131 discrimini,
854 4085 882 4119 aa
898 4085 999 4119 murum
1015 4071 1080 4119 inter

129 4144 247 4206 autibus]
271 4144 323 4190 ‘Ut
340 4157 427 4203 pacem
446 4147 472 4190 et
490 4157 591 4190 concor·
615 4142 744 4190 dominum
760 4155 843 4202 regern
856 4146 881 4189 et
892 4146 1022 4204 magnates
1034 4156 1080 4202 op·

129 4213 196 4263 diam
208 4213 362 4274 reformaret,
373 4227 400 4261 se
417 4213 501 4272 ipsum
513 4227 591 4274 expo·
615 4212 700 4272 posuit
707 4205 723 4272 ς’
740 4211 1056 4274 Annu.waverl.p.1as.
