2978 4996
476 455 616 503 rconss
640 456 908 506 nisroninnuu.
1100 445 1164 508 133

211 609 285 672 dies
307 609 538 692 quadraginta
560 615 595 676 in
617 615 794 678 obsidione
815 616 1017 698 peregisset,
1038 623 1160 697 petens
1174 635 1296 675 annm.

211 708 254 771 de
277 710 525 774 consuetudine
549 711 733 777 Gallicana
756 715 930 777 licentiam
953 713 996 777 ad
1019 717 1160 797 propria

209 809 397 872 remeandi.
450 807 609 874 Caicum
635 812 808 876 licentiam
829 833 889 876 rex
909 814 1088 890 vetuisset,
1106 834 1159 877 re-

211 908 351 988 spondit
375 928 501 986 comes,
521 910 625 992 quod,
646 911 748 974 factis
772 913 1004 993 quadraginta
1027 910 1158 976 dierum

211 1007 379 1084 excubiis,
404 1001 489 1071 lnon
511 1011 704 1086 tenebatur,
726 1030 788 1074 nec
812 1011 933 1087 voluit,
955 1010 1087 1074 diutius
1108 1013 1158 1074 iu-

210 1114 349 1169 teresse.
403 1107 482 1171 Rex
499 1117 615 1173 autem
634 1109 768 1172 adhaec
785 1111 892 1173 nimia
906 1128 1093 1173 succensus
1106 1111 1159 1174 ira

211 1203 394 1270 affirmavit
409 1225 486 1270 cum
503 1207 715 1289 juramento,
733 1208 838 1290 quod,
855 1210 885 1271 si
903 1210 953 1272 ita
971 1208 1156 1287 recederet,
1249 1257 1254 1267 .

210 1304 285 1385 ipse
299 1311 425 1368 terram
442 1307 517 1390 ejus
528 1314 637 1371 totam
652 1308 809 1371 incendio
822 1309 1031 1373 devastaret.
1056 1308 1156 1373 Tunc

211 1423 337 1480 comes,
359 1412 399 1469 ut
419 1404 511 1468 lama
533 1405 649 1484 refert,
671 1409 870 1490 procuravit
892 1409 965 1488 regi
987 1427 1155 1472 venenum
1211 1421 1217 1432 ·

212 1502 386 1584 propinari
411 1507 455 1569 ob
475 1524 625 1568 amorem
651 1507 780 1586 reginae
803 1506 890 1589 ejus,
913 1526 1017 1587 quam
1037 1526 1157 1570 carna-

211 1720 325 1764 moras
342 1702 487 1766 ulterius
503 1711 639 1767 nectere
655 1724 724 1765 non
739 1703 886 1768 valebat.
941 1703 1075 1768 Comite
1091 1706 1156 1786 igi-

210 1808 267 1863 tur
284 1800 401 1864 taliter
422 1803 613 1879 recedente,
636 1803 875 1865 infirmabatur
894 1823 957 1865 rex
982 1805 1155 1884 usquead

209 1899 496 1981 desperationem,
519 1910 554 1965 ot
570 1908 784 1984 pervagante
806 1901 850 1964 ad
869 1900 989 1964 vitalia
1005 1895 1156 1966 ²veneno

209 1999 409 2081 perducitur
438 2000 483 2063 ad
510 2009 692 2078 extrema3
720 2001 800 2063 licet
821 1999 881 2062 alii
911 2007 1079 2076 asserant,
1107 2000 1156 2082 ip-

210 2117 286 2161 sum
310 2107 378 2161 non
401 2119 545 2177 veneno,
569 2100 629 2163 sed
653 2100 772 2162 morbo
789 2099 1017 2181 dysenterico,
1041 2100 1157 2180 exspi-

211 2216 318 2261 rasse.
358 2197 500 2262 Mortuo
518 2218 654 2281 quoque
670 2219 763 2280 rege,
777 2199 957 2262 Romanus
969 2197 1027 2280 qui
1046 2198 1156 2262 adluit

210 2296 410 2378 apostolicae
429 2298 521 2361 sedis
539 2299 688 2378 legatuS,
706 2305 741 2361 et
756 2298 904 2379 praelati,
921 2298 980 2379 qui
1000 2298 1156 2375 aderant,

210 2395 363 2478 ejusdem
386 2398 510 2461 secreti
539 2398 737 2472 consiliarii,
765 2405 909 2460 mortem
937 2398 1029 2478 regis
1051 2397 1157 2460 celari

210 2494 291 2558 fecit
308 2495 416 2559 donec
434 2497 558 2560 civitas
581 2496 798 2575 redderetur3
818 2497 911 2576 quia,
931 2496 961 2558 si
978 2497 1028 2559 ita
1042 2496 1155 2560 solve-

211 2594 466 2672 returobsidio,
483 2614 647 2676 magnum
670 2595 749 2657 inde
774 2594 974 2659 scandalum
997 2594 1155 2659 oriretur.

205 2692 335 2756 Finxit
364 2714 447 2775 ergo
481 2693 619 2776 legatus
654 2702 689 2758 et
722 2694 870 2776 praelati,
904 2694 962 2775 qui
1001 2693 1156 2770 aderant,

209 2811 325 2873 regem
350 2794 449 2875 gravi
470 2793 669 2856 infirmitate
692 2793 881 2868 detentum,
899 2791 958 2854 sed
983 2811 1027 2853 ex
1050 2791 1156 2853 medi-

210 2910 329 2955 corum
352 2892 486 2975 judicio
512 2894 581 2956 cito
609 2891 861 2956 convaliturum
891 2890 1062 2966 dicebant,
1097 2889 1156 2953 de·

210 2992 410 3055 nuntiantes
437 2993 650 3074 principibus
673 2991 859 3072 legionum,
883 2998 922 3053 ut
938 2990 1055 3053 urbem
1075 2988 1155 3052 viri-

209 3089 289 3153 liter
302 3091 556 3172 impugnarent.
610 3091 745 3173 Corpus
763 3098 877 3154 autem
896 3089 1048 3153 defuncti
1066 3089 1156 3169 regis

209 3188 365 3252 lecerunt
393 3191 502 3254 multo
535 3190 608 3253 sale
637 3191 780 3267 condiri,
807 3191 899 3253 etin
932 3190 1072 3252 abbatia
1097 3188 1157 3251 illa

209 3288 345 3351 viscera
366 3290 576 3354 tumulantes
607 3290 774 3371 reliquum
798 3308 923 3370 corpus
951 3288 1158 3351 linteamini-

247 3456 254 3486 ¹
269 3461 325 3508 Non
336 3462 483 3526 tartaron]
500 3463 631 3525 Although
644 3464 669 3511 in
694 3462 772 3511 luded
789 3467 824 3522 to,
841 3464 864 3510 is
880 3463 956 3510 silent
971 3475 1000 3509 aa
1016 3467 1042 3510 to
1059 3461 1100 3509 the
1117 3475 1155 3509 re·

209 3530 330 3590 ordinary
341 3546 414 3580 cases
430 3532 472 3580 the
489 3533 553 3594 king
571 3533 621 3580 had
638 3548 670 3580 uo
696 3538 752 3591 port
763 3531 817 3579 that
829 3532 907 3579 bouis
920 3530 970 3578 bad
982 3530 1041 3577 died
1054 3531 1088 3589 by
1099 3531 1154 3588 poi-

210 3600 308 3648 further
330 3600 405 3649 claim
422 3617 453 3649 ou
475 3601 515 3650 his
532 3603 615 3650 vassal
633 3603 670 3650 lor
696 3616 756 3660 son;
774 3601 910 3659 according
921 3604 946 3646 to
957 3599 1018 3659 him,
1030 3598 1071 3645 the
1083 3604 1156 3645 event

209 3670 321 3730 military
337 3672 433 3719 service
450 3671 549 3731 beyond
566 3672 632 3733 lorty
643 3685 672 3719 or
696 3670 753 3718 toolr
768 3670 842 3731 place
854 3669 918 3717 alter
928 3667 970 3715 the
987 3667 1120 3717 surrender
1130 3667 1158 3714 us

210 3739 266 3804 fifty
282 3741 356 3801 days,
376 3744 420 3801 yet
435 3741 456 3788 it
472 3741 558 3789 would
577 3755 672 3801 appear
696 3740 823 3800 Avlgnon.
866 3731 1028 3784 Wendover's
1050 3741 1158 3784 account

209 3810 307 3860 thatun
319 3809 361 3858 the
372 3810 490 3858 occasion
501 3810 530 3858 ol
538 3825 554 3857 a
565 3810 672 3858 crusade
698 3809 729 3869 is,
738 3809 864 3868 however,
872 3808 947 3855 borne
960 3808 1004 3852 ont
1013 3804 1046 3864 by
1054 3804 1157 3853 Ricard.

209 3879 314 3943 knights
329 3894 395 3928 were
412 3879 554 3939 forbidden,
565 3879 672 3926 without
697 3878 728 3925 de
745 3878 771 3926 S.
784 3877 921 3934 Germano,
936 3888 951 3921 a
968 3878 1158 3934 contemporary

209 3949 322 4011 especial
340 3949 421 4010 leave,
432 3954 458 3997 to
475 3949 591 3997 abandon
608 3949 673 3996 their
698 3947 829 4004 historiau,
840 3945 926 3992 whose
937 3943 1022 3993 words
1034 3957 1087 4003 are,
1097 3944 1106 3970 ‘
1115 3944 1160 3990 ubi

209 4019 362 4079 sovereign3
391 4018 433 4067 Fr.
456 4018 583 4068 Translat.
607 4018 672 4067 Mat.
698 4008 1162 4074 venenatus,utdicitur,obiit3'blu-

209 4088 505 4149 Pantitpsaanote.
699 4090 773 4133 rator.
796 4083 912 4133 tomuli.
933 4082 981 4131 col.
999 4085 1072 4131 100⁰.
1107 4081 1162 4130 The

239 4155 673 4220 ’Veneuoperducitorodextrenm.]
699 4155 796 4205 Annus
818 4153 847 4202 ol
863 4152 995 4212 Waverlcy
1015 4152 1065 4201 and
1089 4152 1162 4202 Duu-

207 4227 262 4276 The
275 4227 372 4276 Freuch
387 4227 536 4289 chronicler,
546 4227 625 4275 above
638 4226 674 4273 al·
700 4225 781 4274 ritable
793 4222 879 4273 allude
890 4228 916 4272 to
928 4222 969 4270 the
981 4237 1050 4272 same
1061 4227 1154 4284 repert.
