2978 4996
404 468 545 515 nnonns
568 469 841 518 ursronrnnun.
1052 457 1098 521 39

146 625 342 706 sumptibus
362 632 397 688 et
414 625 598 688 Frisonum
617 634 652 689 et
668 626 786 690 labore
805 629 990 691 eorundem
1008 629 1096 694 duos
1110 645 1164 684 an·
1175 646 1232 684 ¹2¹⁸·

145 742 296 803 cogones
336 724 593 806 conjunxerunt
630 724 747 787 fideles
789 727 943 789 trabibus
979 728 1094 792 sortis·
1107 695 1240 834 ffissiiiiiu

145 822 244 896 sime,
270 841 311 884 ac
337 822 476 885 funibus
501 822 714 887 cohmrentes
741 832 776 886 et
796 825 892 887 socia
919 828 1094 907 compagi·
1146 805 1180 833 ω’

146 921 287 983 natione
317 921 504 984 vacillandi
534 922 726 1003 periculum
759 923 980 1004 prohibentes
1009 944 1095 1006 qua·

145 1026 225 1082 tuor
242 1019 353 1082 malos
370 1027 406 1083 et
422 1020 565 1083 totidem
584 1027 753 1084 antennas
775 1029 981 1101 erexerunt3
1008 1023 1094 1086 etin

145 1117 214 1180 illis
235 1119 270 1181 in
293 1120 492 1182 summitate
515 1120 733 1182 castellulum
755 1120 903 1196 firmum,
920 1121 1094 1185 asseribus

146 1225 183 1279 et
203 1237 307 1299 opere
329 1218 510 1281 reticulato
536 1226 751 1295 contextum,
771 1227 893 1283 contra
917 1220 1094 1284 machina·

148 1335 223 1378 rum
250 1316 393 1379 insidias
416 1317 626 1380 collocantes
649 1318 751 1380 coriis
776 1325 985 1399 operuerunt
1008 1318 1094 1382 illud

147 1433 210 1496 per
238 1416 419 1479 circuitum
449 1415 706 1493 architectores,
732 1424 766 1480 et
790 1416 937 1499 desuper
965 1425 1094 1482 tectum

146 1520 222 1577 erat
236 1521 358 1579 contra
379 1515 493 1595 ignem
517 1512 692 1579 Graccum.
743 1515 815 1578 Sub
832 1517 1013 1580 castellulo
1031 1536 1094 1579 au-

147 1620 217 1676 tem
234 1613 492 1676 fabricaverunt
509 1613 639 1677 scalam
655 1614 850 1677 fortissimis
864 1615 1002 1679 funibus
1020 1634 1093 1678 sns-

147 1730 289 1792 pensam
306 1719 342 1775 et
362 1711 509 1792 triginta
529 1712 655 1776 enbitis
677 1713 770 1777 ultra
790 1733 927 1795 proram
952 1720 1092 1797 proten-

145 1829 232 1887 sam,
254 1829 358 1892 opere
382 1811 532 1873 maximo
551 1811 646 1875 brevi
670 1818 824 1892 tompore
842 1819 1092 1876 consummato.

148 1909 295 1973 Invitati
315 1916 398 1974 sunt
414 1909 457 1972 ad
474 1909 558 1972 illud
575 1909 756 1973 videndum
772 1911 944 1992 principes
960 1911 1093 1975 militiae

148 2008 291 2084 Christi,
316 2016 356 2071 ut
379 2008 494 2090 siquid
519 2008 668 2085 deesset,
695 2008 786 2090 qnod
815 2011 1007 2090 sumptibus
1032 2017 1094 2072 ant

146 2107 297 2170 humano
323 2107 496 2187 indigeret
521 2108 673 2188 ingenio,
702 2107 944 2189 suppleretnr3
977 2114 1013 2171 et
1035 2125 1094 2170 ac·

147 2213 248 2287 cepto
275 2225 453 2288 responso,
480 2207 571 2287 qnod
596 2215 700 2270 antea
729 2206 799 2269 tale
829 2226 916 2288 opus
939 2206 1093 2287 ligneum

147 2324 324 2387 nunquam
357 2304 471 2368 suerat
496 2305 714 2382 fabricatum,
739 2306 992 2388 properandum
1016 2323 1093 2368 esse

146 2411 354 2469 censuerunt
379 2404 508 2479 fideles,
530 2412 569 2468 ut
591 2405 655 2467 hoc
675 2405 852 2486 ingenium
873 2403 1093 2468 adhiberetur

146 2503 191 2566 ad
214 2504 349 2579 turrim,
372 2503 456 2584 quia
471 2503 598 2566 crebris
612 2504 738 2567 ictibus
753 2503 989 2567 machinarum
1005 2522 1093 2585 pons

148 2622 213 2684 pro
231 2621 358 2683 magna
381 2608 480 2684 parte
502 2602 698 2665 destructus
718 2602 843 2677 suerat,
858 2605 917 2684 qni
941 2603 984 2664 de
1008 2601 1094 2664 civi-

149 2708 222 2765 tate
238 2699 355 2764 hostes
378 2699 456 2764 fidei
479 2701 628 2764 ducebat
650 2701 693 2763 ad
717 2703 850 2765 turrim.
903 2701 1012 2764 Sexta
1029 2700 1095 2762 ita-

149 2819 216 2881 que
239 2800 324 2862 feria
349 2805 430 2862 ante
453 2799 578 2862 festum
605 2799 718 2862 sancti
741 2798 989 2862 Bartholomaei
1012 2816 1094 2878 apo-

149 2898 230 2961 stoli
244 2897 345 2961 nudis
368 2898 512 2980 pedibus
529 2918 608 2960 cnm
631 2898 850 2979 processione
870 2895 1014 2959 solemni
1035 2894 1094 2958 de-

150 2998 327 3061 votissime
351 3004 592 3079 processerunt
607 2995 651 3058 ad
673 3015 810 3058 crucem
833 3002 989 3058 sanctam
1012 2993 1097 3056 fide-

149 3096 212 3171 les,
245 3096 337 3159 clero
366 3115 445 3158 cum
478 3095 620 3176 psalmis
648 3103 682 3158 et
707 3095 837 3159 litaniis
867 3092 1096 3177 praecedente,

149 3194 319 3257 auxilium
344 3193 518 3257 humiliter
544 3194 769 3276 implorantes
790 3194 956 3269 divinum,
979 3201 1018 3255 ut
1041 3210 1097 3254 res

151 3294 243 3356 omni
271 3301 403 3357 careret
427 3291 563 3356 invidia·
577 3301 612 3356 et
628 3292 801 3375 jactantia
820 3311 912 3357 vana
935 3291 978 3355 de
1003 3291 1097 3354 omni

151 3399 267 3472 gente,
298 3411 376 3474 qnae
405 3398 488 3455 tunc
517 3391 553 3453 in
583 3393 739 3456 exercitu
763 3398 850 3457 erat.
903 3391 1027 3454 Plures
1053 3388 1098 3452 ad

154 3489 257 3573 hujus
295 3491 426 3572 negotii
460 3492 717 3555 exsecutionem
755 3491 992 3555 invitaverunt
1025 3507 1099 3551 ma-

148 3589 256 3673 joreS,
284 3590 366 3654 licet
390 3609 475 3670 gens
498 3590 681 3652 Frisonum
706 3598 741 3654 et
762 3590 1031 3653 Teutonicorum
1054 3585 1098 3648 ad

155 3707 262 3751 naves
291 3688 484 3771 implendas
522 3687 692 3753 sufficeret
725 3696 760 3752 et
788 3687 970 3769 regendas,
1033 3684 1101 3746 Die

154 3786 293 3851 tandem
311 3788 404 3851 beati
425 3786 685 3865 Bartholomaei,
699 3805 777 3870 quae
793 3793 876 3849 tunc
893 3785 979 3848 feria
998 3789 1101 3845 sexta

154 3894 241 3962 erat,
258 3906 336 3950 cum
355 3886 459 3950 Nilus
475 3884 695 3951 vehementer
710 3886 922 3949 excrevisset
941 3890 978 3946 et
993 3899 1100 3962 aqna-

154 4004 230 4047 rum
245 3984 394 4068 impetus
409 3985 586 4067 negotium
600 3986 784 4069 plurimum
800 3981 1011 4063 impedisset,
1023 3998 1101 4042 cum

153 4083 265 4147 multa
287 4084 369 4149 licet
386 4084 589 4148 difficultate
611 4092 646 4148 et
663 4082 816 4166 periculo
837 4083 1103 4145 instrumentum

155 4182 359 4248 trahebatur
382 4185 425 4248 ad
450 4184 595 4264 turrim;
629 4185 728 4248 navis
751 4190 879 4258 autom,
905 4180 1009 4264 hujus
1029 4196 1102 4242 ma·
