2978 4996
241 654 303 696 Terre

400 421 445 484 40
652 436 785 483 nocam
809 435 857 482 nu
879 434 1087 482 wuunovan

242 607 297 646 An
309 608 364 646 ¹²¹⁸
403 593 515 657 cbiuae
540 593 647 669 socia,
663 592 867 656 velificando
889 591 1077 674 processit;
1105 586 1303 671 patriarcba
1318 596 1355 651 et

241 666 375 796 papam
404 693 516 756 clerus
532 692 632 755 nadis
647 692 793 774 pedibus
806 690 1032 754 ambulabant
1048 708 1110 771 per
1126 688 1259 763 littora,
1279 687 1355 751 Do-

404 792 498 854 mino
514 790 761 873 supplicantes.
808 790 896 854 Cum
913 808 995 852 vero
1010 788 1054 852 ad
1069 787 1192 851 turrim
1208 804 1355 868 perven-

405 899 479 954 tum
504 888 638 966 fuisset,
662 889 792 971 duplex
812 889 873 952 illa
895 887 1099 970 compositio
1122 885 1165 949 ad
1184 885 1278 948 latus
1294 904 1354 948 oc·

405 988 577 1052 cidentale
602 989 758 1052 converti
778 1007 847 1050 non
874 994 1023 1069 poterat,
1047 983 1107 1049 sed
1135 982 1353 1046 ascendendo

405 1086 533 1151 directe
565 1087 608 1150 ad
642 1087 782 1169 plagam
818 1086 1055 1167 aquilonarem
1089 1082 1353 1165 applicabatur;

406 1186 544 1249 sonibus
567 1185 706 1250 tandem
731 1193 766 1248 et
792 1183 951 1248 anchoris
978 1182 1051 1246 lixa
1074 1183 1250 1256 manebat,
1272 1180 1353 1244 licet

406 1286 459 1347 vis
473 1303 640 1367 aquarum
657 1283 897 1347 inundantium
917 1283 1012 1346 illam
1033 1280 1198 1363 repellere
1218 1279 1355 1343 molire·

407 1390 475 1447 tur.
522 1382 624 1459 Quod
638 1402 716 1445 cum
733 1383 977 1462 cognovissent
988 1379 1164 1455 Saraceni,
1174 1377 1353 1442 machinas

408 1500 471 1545 sex
496 1488 681 1544 erexerunt
705 1500 809 1562 super
838 1489 950 1544 turres
976 1479 1130 1544 civitatis
1156 1476 1200 1540 ad
1227 1477 1354 1540 instru-

408 1588 561 1643 mentum
593 1579 677 1642 illud
709 1578 987 1656 concutiendum,
1022 1577 1082 1641 sed
1117 1595 1186 1640 uua
1216 1576 1353 1640 caeteris

408 1678 633 1761 perniciosior
648 1686 727 1760 post
741 1696 872 1759 paucos
886 1678 978 1742 ictus
1000 1675 1177 1740 confracta
1198 1674 1354 1756 quievit3

409 1796 473 1841 nec
496 1785 609 1840 tamen
641 1785 877 1853 cessaverunt,
903 1776 962 1840 sed
999 1776 1074 1841 sine
1101 1774 1353 1837 intermissione

410 1877 565 1940 emittere
588 1883 768 1958 coeperunt
789 1876 928 1940 crebros
950 1874 1082 1957 lapides
1102 1881 1141 1937 et
1156 1872 1354 1936 damnosos.

411 1973 486 2038 Nec
515 1975 551 2037 in
576 1976 699 2038 minori
728 1974 881 2057 periculo
906 1974 1001 2055 prior
1024 1973 1135 2049 navis,
1162 1971 1265 2054 hujus
1284 1989 1356 2034 ma·

409 2073 519 2137 cbinae
536 2075 643 2149 socia,
661 2073 706 2136 ad
723 2073 844 2154 pedem
866 2073 971 2137 turris
992 2072 1149 2136 substitit
1161 2070 1355 2148 collocata3

409 2192 489 2235 nam
517 2171 607 2252 ignis
639 2170 797 2247 Graecus,
823 2172 864 2234 de
892 2172 978 2235 turri
1003 2171 1136 2234 eminus
1164 2169 1354 2253 projectus,

409 2270 561 2333 fulminis
586 2270 698 2333 instar
721 2270 862 2333 veniens
887 2288 1050 2352 pavorem
1076 2288 1145 2333 non
1175 2269 1353 2331 minimum

409 2368 568 2431 fidelibus
591 2368 746 2444 incussit,
769 2369 829 2432 sed
852 2388 914 2451 per
935 2369 1101 2451 liquorem
1122 2376 1297 2432 acetosum
1314 2385 1357 2430 ac

408 2465 567 2530 sabulum
587 2475 622 2531 et
640 2468 865 2531 exstinctoria
890 2474 1015 2532 caetera
1044 2467 1281 2530 laborantibus
1302 2472 1356 2529 est
1476 2536 1484 2544 ,

409 2565 628 2628 subventum.
674 2566 786 2644 Tunc,
801 2566 893 2631 sacto
908 2566 1041 2630 insultu
1057 2565 1224 2630 acerrimo
1238 2565 1282 2628 ab
1299 2565 1353 2627 bis

409 2665 468 2745 qui
485 2664 749 2730 instrumentum
766 2667 932 2748 regebant
945 2664 1195 2748 supradictum,
1213 2663 1355 2746 jacebat

408 2763 606 2845 patriarcha
623 2773 704 2829 ante
721 2765 854 2846 lignum
876 2765 988 2828 crucis
1006 2769 1201 2847 prostratus
1223 2763 1260 2825 in
1284 2768 1353 2825 ter·

409 2882 495 2939 ram,
521 2871 687 2945 stansque
714 2863 825 2927 clerus
850 2863 951 2928 nudis
976 2861 1119 2945 pedibus
1139 2861 1302 2925 clamavit
1317 2862 1352 2923 in

409 2961 542 3025 caelum.
596 2961 731 3025 Inimici
757 2962 868 3024 crucis
891 2969 927 3026 et
948 2961 1052 3025 turris
1076 2959 1272 3024 defensores
1293 2978 1355 3023 ex·

408 3061 517 3122 tensis
543 3058 674 3121 lanceis
700 3060 906 3124 anteriorem
938 3059 1042 3124 scalae
1073 3065 1206 3141 partem
1237 3077 1356 3141 asper·

408 3165 528 3220 serunt
548 3155 637 3233 oleo,
657 3175 698 3220 ac
724 3156 847 3221 deinde
868 3159 983 3240 ignem
1007 3158 1169 3222 Graecum
1191 3156 1356 3222 adhiben-

410 3262 461 3318 tes
484 3254 613 3318 scalam
635 3255 885 3336 accenderunt3
908 3257 970 3321 sed
992 3257 1110 3320 fideles
1131 3255 1273 3333 Christi,
1295 3256 1355 3338 qui

408 3353 502 3416 intus
529 3362 640 3431 erant,
666 3355 710 3418 ad
735 3356 826 3436 ignis
852 3355 1112 3420 suffocationem
1133 3362 1354 3419 accurrentes

408 3471 472 3514 suo
504 3453 655 3537 pondere
688 3463 795 3537 caput
827 3455 930 3519 scalae
961 3454 1215 3537 depresserunt,
1241 3454 1292 3518 ita
1316 3460 1356 3517 ut

408 3568 494 3631 pons
528 3552 700 3616 tornatilis
728 3551 834 3617 fronti
866 3554 970 3617 turris
1000 3554 1180 3636 appositus
1209 3552 1356 3616 inclina·

408 3656 503 3713 retur
519 3651 691 3715 deorsum.
743 3651 894 3733 Signifer
909 3651 1007 3716 ducis
1026 3653 1178 3716 Austriae
1195 3650 1239 3715 de
1260 3651 1357 3716 scala

408 3750 548 3824 corruit,
571 3759 607 3814 et
629 3751 756 3832 pagani
781 3751 947 3815 vexillum
976 3750 1074 3814 ducis
1097 3771 1174 3815 cum
1198 3750 1357 3814 irrisione

409 3847 581 3926 tulerunt3
608 3868 646 3912 se
664 3850 789 3913 vicisse
805 3851 1057 3926 existimantes,
1075 3849 1254 3913 vociferati
1276 3856 1358 3912 sunt

408 3945 558 4011 clamore
589 3948 706 4024 nimio,
740 3967 854 4013 aerem
887 3949 1109 4013 verberando.
1169 3947 1359 4012 Christiani

408 4064 502 4120 vero,
517 4045 581 4109 boc
599 4046 685 4121 viso,
701 4047 744 4109 ad
763 4048 1053 4130 supplicationem
1068 4067 1106 4111 se
1120 4054 1358 4130 prosternunt,

407 4143 658 4224 complosisque
690 4146 849 4210 manibus
882 4147 1069 4211 Dominum
1095 4148 1257 4211 invocare
1289 4165 1359 4208 non
