2978 4996
417 418 462 481 ὅθ
673 430 807 479 nonani
832 430 878 477 uu
902 427 1108 477 wunnovnn

421 663 470 727 De
480 662 588 748 primo
608 663 725 747 impetn
742 662 970 824 &mmmm
976 668 1048 746 pont
1066 656 1250 724 obsidionem
1264 665 1373 721 caretro

829 762 861 841 fi
941 807 947 820 .

259 899 317 989 ἐρ).
327 899 383 987 130.
474 883 626 949 Civitate
649 885 767 967 itaque
787 883 964 947 obsidione
980 881 1125 957 vallata,
1144 880 1262 944 hostes
1278 879 1373 955 fidei,

260 959 375 1038 offitia
422 985 607 1066 resumptis
629 984 773 1060 viribus,
795 1002 872 1047 cum
897 976 1065 1045 ¹Soldano
1088 988 1124 1044 et
1142 979 1303 1061 Alapiuis
1331 998 1372 1041 ac

423 1082 642 1146 multitudine
669 1083 823 1165 copiosa,
846 1082 959 1145 locum
988 1087 1173 1162 occupant,
1201 1077 1372 1158 adquam

423 1182 540 1246 fideles
572 1183 758 1245 transitum
795 1180 950 1244 fecerant
981 1180 1205 1260 insperatum,
1238 1184 1274 1240 et
1305 1177 1371 1238 uisi

422 1301 484 1363 per
500 1281 679 1343 consilium
696 1279 851 1344 divinum
873 1287 909 1343 et
926 1278 1093 1341 auxilium
1115 1278 1225 1360 prima
1242 1282 1371 1350 castra,

422 1398 501 1460 quae
518 1385 618 1442 erant
628 1380 719 1443 iuter
733 1398 827 1442 mare
843 1385 879 1442 et
893 1377 1048 1453 fluvium,
1064 1382 1198 1440 retenta
1211 1374 1370 1451 fuissent,

422 1485 458 1540 et
484 1477 634 1540 maxime
668 1496 730 1560 per
760 1477 968 1559 probitatem
999 1475 1280 1549 Teutonioorum,
1311 1492 1371 1536 ue·

423 1575 554 1657 gotium
583 1575 713 1640 Christi
739 1594 902 1656 magnum
931 1574 1121 1658 periculum
1147 1573 1371 1651 iucurrisset;

423 1693 503 1737 nam
530 1675 622 1757 pleni
644 1675 857 1738 anfractibus
886 1674 1050 1738 Saraceni
1073 1673 1117 1737 ad
1135 1680 1268 1737 tantum
1291 1690 1372 1752 pro-

423 1773 516 1856 rupti
539 1780 621 1837 suut
641 1775 883 1850 temeritatem,
905 1781 957 1849 ut,
981 1772 1133 1836 diluculo
1156 1770 1211 1834 die
1233 1770 1370 1834 sabbati

423 1880 504 1936 ante
526 1872 754 1950 Dominicam,
775 1892 845 1955 qua
868 1879 1029 1937 cantatur
1051 1870 1178 1934 ‘Oculi
1197 1870 1264 1933 mei
1283 1888 1372 1933 sem-

423 1991 484 2054 per
511 1971 555 2036 ad
580 1972 793 2048 Dominum,'
823 1970 981 2034 fidelibus
1012 1970 1265 2051 ignorantibus
1292 1987 1370 2032 cum

422 2070 642 2135 multitudine
673 2071 772 2152 gravi
805 2069 1009 2133 bellatorum
1041 2088 1152 2151 usque
1181 2067 1225 2131 ad
1257 2067 1371 2131 fossa·

422 2177 496 2233 tum
521 2189 623 2233 suum
647 2188 723 2233 sese
744 2169 1013 2251 praecipitarent,
1036 2168 1097 2232 sed
1120 2166 1274 2250 peditum
1295 2166 1372 2230 illo-

423 2288 498 2330 rum
525 2274 560 2330 et
585 2268 740 2349 equitum
771 2267 909 2331 suerunt
936 2267 1107 2350 probitate
1136 2265 1289 2347 repulsi3
1319 2264 1370 2328 fe-

422 2373 542 2428 cerant
573 2366 663 2429 enirn
697 2366 885 2430 Christiani
907 2365 1085 2430 ‘fossatum
1122 2384 1145 2428 a
1175 2372 1274 2446 tergo
1307 2383 1372 2427 suo

422 2464 530 2527 latum
557 2463 643 2527 satis
668 2472 703 2529 et
727 2465 835 2529 altum
862 2464 905 2528 ad
932 2465 1115 2541 cautelam,
1146 2470 1198 2539 ut,
1224 2464 1254 2527 ai
1282 2462 1371 2526 forte

423 2561 540 2625 hostes
558 2563 637 2626 fidei
657 2565 820 2646 impetum
842 2565 955 2627 facere
972 2564 1101 2628 vellent
1117 2563 1154 2626 iu
1177 2581 1248 2640 eos,
1267 2561 1371 2645 hujus

422 2660 545 2725 fossati
560 2663 721 2745 praesidio
736 2662 964 2727 munirentur.

504 2833 555 2896 Do
574 2832 703 2897 recondo
719 2834 835 2918 inpetu
845 2834 937 2917 sacto
956 2842 1064 2897 contro
1083 2831 1285 2897 Christianos.

473 2949 534 3018 In²
553 2955 610 3019 dle
631 2957 756 3020 iterum
782 2956 983 3020 Palmarum
1005 2957 1133 3019 inimici
1155 2957 1277 3033 crucis,
1301 2957 1372 3020 col·

421 3053 512 3116 lecto
544 3053 785 3118 innumerabili
818 3056 974 3119 exercitu
1008 3074 1049 3118 ac
1079 3056 1181 3117 nimis
1212 3055 1371 3132 terribili,

422 3151 590 3214 fossatum
621 3151 772 3235 undique
802 3153 955 3217 fidelium
986 3153 1200 3232 invaserunt,
1228 3161 1263 3218 et
1285 3172 1371 3235 prae·

421 3250 522 3331 cipue
550 3259 689 3330 pontem
718 3251 994 3334 Templariorum
1023 3259 1059 3317 et
1080 3252 1178 3317 ducis
1204 3250 1370 3330 Austriae,

422 3366 524 3428 quem
560 3348 627 3432 ipsi
661 3371 738 3415 cum
769 3351 970 3416 Teutonicis
1005 3351 1151 3415 viriliter
1188 3351 1371 3415 defendere

421 3447 651 3528 studuerunt3
683 3451 742 3514 sed
771 3451 821 3514 illi
847 3470 924 3516 cum
957 3451 1076 3515 electis
1103 3450 1269 3514 militibus
1299 3452 1371 3514 suis

421 3545 465 3608 ab
495 3547 593 3629 aquia
621 3549 868 3614 descendentes
900 3568 976 3613 cum
1012 3548 1218 3613 Christianis
1247 3549 1372 3614 atroci·

420 3653 474 3708 ter
492 3638 747 3729 pugnaverunt.
801 3648 1009 3713 Ceciderunt
1032 3648 1111 3711 binc
1138 3647 1218 3711 iude
1243 3648 1370 3735 mortui

421 3762 462 3806 ac
483 3747 654 3811 vulnerati
675 3748 797 3826 multi;
822 3749 881 3812 sed
907 3747 1044 3811 taudem
1071 3747 1157 3811 adeo
1182 3747 1373 3830 praevalue·

420 3851 501 3908 runt
516 3846 695 3922 increduli,
713 3847 804 3928 quod
829 3855 970 3928 pontem
992 3847 1216 3910 ascendentes
1239 3853 1372 3928 partem

421 3942 496 4025 ejus
520 3946 792 4009 combusserunt.
844 3946 943 4009 Tunc
968 3945 1041 4007 dux
1067 3943 1221 4007 Austriao
1244 3962 1374 4026 praece·

456 4111 597 4180 'Soldono.]
614 4118 767 4178 ‘Coradiuo,
777 4120 828 4168 lilio
836 4121 880 4170 Sa·
942 4117 995 4168 ’ln
1013 4114 1076 4186 die]
1094 4121 1153 4169 Jac.
1170 4119 1203 4167 de
1215 4120 1336 4179 vitriaco,
1347 4136 1373 4181 p.

420 4183 523 4300 ppppini
538 4180 558 4244 ς’
585 4187 644 4237 Jac.
661 4187 693 4235 de
711 4189 832 4250 vitriaco,
855 4205 880 4251 p.
909 4194 994 4250 11373
1011 4189 1374 4250 Oliver.Scholast.p.1188.
