2978 4996
360 463 500 513 ruonns
523 463 792 513 ulsromlnuu.
987 448 1054 514 313

99 622 191 685 inter
207 640 294 704 quos
318 621 445 687 Petrus
466 622 509 685 de
532 622 682 687 Rivallis
707 623 839 706 primus
859 623 894 686 in
913 643 1053 687 causam
1068 636 1189 677 ΛΜΝ·

101 729 247 785 vocatus
273 724 435 803 apparuit
453 740 570 784 coram
596 741 677 803 rege
701 723 735 784 in
758 722 879 785 habitu
902 723 1055 786 clericali

100 839 180 882 cnm
208 827 353 884 tonsura
382 827 418 883 et
443 820 515 883 lato
547 839 688 897 corone,
720 840 822 902 quem
859 829 1055 885 reverenter

102 918 285 994 salutavit,
313 938 391 982 cum
418 918 623 1003 justiciariis
654 920 691 982 in
727 921 838 982 banco
867 919 1054 983 sedentem.

104 1015 217 1094 Quem
239 1037 302 1080 rex
328 1026 427 1080 torvo
454 1018 641 1097 respiciens
667 1018 779 1094 oculo,
804 1021 856 1084 Ὀ
880 1019 1056 1099 proditor,'

103 1116 231 1198 inquit,
259 1121 348 1198 ‘per
378 1116 533 1197 iniquum
562 1115 741 1179 consilium
778 1126 873 1180 tuum
905 1117 1057 1197 sigillum

106 1232 219 1277 meum
243 1215 407 1295 ignorans
430 1215 576 1298 apposui
598 1214 633 1278 in
659 1215 768 1279 literis
795 1215 838 1278 de
864 1216 1057 1297 proditione

105 1313 242 1376 comitis
269 1313 488 1392 Marescnlli3
514 1333 576 1396 per
604 1322 756 1377 vestrum
781 1314 884 1377 etiam
913 1333 1055 1395 pravum

107 1412 289 1474 consilium
310 1413 423 1493 ipsum
445 1420 481 1475 et
498 1412 585 1475 elios
609 1411 653 1474 de
676 1433 783 1493 regno
804 1432 880 1476 meo
902 1412 1058 1476 homines

107 1511 284 1574 naturales
307 1511 447 1574 exulari
472 1518 639 1574 eteorum
663 1512 797 1575 animos
817 1531 906 1575 stne
929 1511 1059 1594 pariter

107 1616 143 1672 et
166 1627 316 1672 amorem
346 1610 476 1689 averti3
517 1629 578 1692 per
604 1628 749 1691 pravum
775 1611 955 1673 consilium
980 1631 1058 1675 ves-

110 1714 203 1770 trum
229 1726 388 1789 guerram
409 1715 531 1771 contra
554 1708 632 1772 illos
657 1709 760 1785 movi,
782 1728 843 1789 per
862 1729 966 1791 quam
984 1709 1058 1773 the-

104 1823 251 1869 saurum
275 1826 388 1870 meum
408 1815 443 1871 et
457 1806 632 1870 hominum
649 1826 802 1869 meorum
818 1807 959 1870 divitias
976 1827 1058 1870 con·

111 1904 266 1986 sumpsi.’
320 1905 448 1988 Exegit
464 1906 508 1968 ab
523 1925 564 1968 eo
582 1913 750 1987 praeterea
765 1923 826 1967 rex
843 1906 1059 1968 ratiocinium

112 2002 155 2066 de
171 2003 335 2067 thesauro
354 2024 418 2067 suo
439 2013 474 2068 et
493 2004 659 2067 custodiis
685 2022 868 2086 puerorum
894 2004 1059 2066 nobilium

110 2109 148 2166 et
178 2102 428 2180 eschaetarum,
458 2122 536 2166 cum
568 2103 646 2167 aliis
676 2103 901 2185 proventibus
930 2102 1059 2179 multis,

110 2219 190 2283 quse
216 2202 259 2264 ed
286 2221 448 2264 coronam
474 2204 687 2284 spectabant.
741 2201 897 2282 Cumque
924 2201 997 2264 haec
1025 2209 1060 2264 et

111 2300 182 2363 alia
195 2300 305 2364 multa
319 2320 382 2364 rex
396 2302 440 2364 ab
458 2320 499 2364 eo
521 2303 585 2364 sub
604 2300 808 2382 proditionis
829 2301 966 2364 nomine
981 2319 1059 2363 exe-

112 2399 233 2479 gisset,
261 2398 344 2461 nibil
372 2401 510 2462 omnino
532 2400 575 2463 de
597 2400 742 2483 objectis
768 2400 833 2462 sibi
862 2399 1060 2462 criminibus

112 2499 266 2579 negavit,
288 2497 349 2560 sed
372 2517 486 2561 coram
510 2518 591 2579 rege
614 2499 649 2561 iu
672 2508 797 2561 terram
821 2518 983 2562 corruens
1000 2519 1062 2580 per

114 2594 188 2659 baec
207 2598 313 2661 verba
329 2598 405 2680 ejus
425 2597 693 2660 misericordiam
718 2596 938 2679 imploravit3
965 2598 1062 2660 ‘Do-

114 2695 206 2758 mine
227 2695 314 2772 rex,’
336 2696 460 2778 inquit,
489 2695 658 2759 ‘nutritus
685 2715 762 2758 sum
791 2715 812 2758 a
839 2697 937 2759 vobis
965 2703 1000 2758 et
1027 2695 1061 2757 in

115 2793 214 2857 bonis
241 2794 487 2876 temporalibus
518 2794 616 2858 dives
646 2794 771 2870 sactus,
802 2813 844 2856 ne
873 2793 1063 2857 confundas

117 2890 288 2955 bominem
302 2912 403 2974 quem
422 2895 568 2973 creasti;
592 2893 652 2955 sed
668 2890 815 2956 concede
838 2892 961 2955 saltem
979 2899 1065 2954 tcm-

116 3010 181 3073 pus
202 2991 425 3069 deliberandi,
442 3000 481 3056 ut
493 2993 535 3055 de
553 2993 654 3055 rebus
676 2991 809 3055 exactis
831 2998 1065 3071 competenter

117 3091 215 3153 vobis
234 3090 367 3153 valeam
385 3091 525 3154 reddere
544 3086 733 3154 rationem?
784 3089 851 3153 Cui
868 3109 943 3165 rex,
958 3094 968 3123 ‘
981 3087 1065 3152 Mit-

118 3197 188 3250 tam
209 3196 244 3252 te
268 3191 303 3251 in
326 3190 447 3252 turrim
469 3189 738 3266 Londoninrnm,
759 3197 797 3252 ut
816 3188 863 3252 ibi
885 3188 1064 3265 deliberes,

118 3286 226 3350 donec
259 3287 343 3350 mihi
375 3289 570 3351 satisfacias
601 3288 855 3371 competenter?
905 3288 961 3351 Ad
992 3288 1066 3351 haec

119 3385 258 3461 Petrus,
273 3392 282 3419 ‘
295 3387 454 3463 Domine,
472 3388 615 3450 clericus
638 3388 739 3464 sum‚’
760 3387 885 3470 inquit,
899 3392 909 3421 ‘
922 3406 985 3450 nec
1007 3387 1066 3450 de-

119 3486 183 3548 beo
205 3485 411 3548 incarcerari
434 3486 487 3548 vel
509 3487 574 3548 sub
596 3487 760 3549 laicorum
780 3487 938 3549 custodio
959 3485 1066 3565 depu-

118 3583 210 3647 tari!
262 3583 456 3665 Respondit
480 3604 554 3662 rex,
572 3585 686 3648 ‘Ecce
707 3603 859 3666 praesens
881 3592 934 3647 est
956 3583 1068 3644 orchi-

118 3683 316 3764 episcopuS,
338 3683 398 3765 qui
420 3683 449 3745 si
470 3691 586 3765 prote
609 3682 793 3766 fidejubere
816 3681 976 3756 voluerit,
995 3687 1066 3742 tro·

119 3781 198 3845 dnm
222 3790 257 3843 te
279 3780 341 3857 illi,
368 3788 407 3844 ut
434 3783 517 3845 mihi
543 3781 736 3845 satisfaciat
760 3779 804 3842 de
827 3779 1068 3842 exactionibus

120 3880 351 3962 supradictis!
405 3879 455 3943 Ut
485 3881 593 3962 igitur
621 3880 771 3942 breviter
798 3878 944 3954 dicatur,
975 3877 1069 3941 misit

120 3999 198 4042 enm
222 3998 284 4041 rex
307 3980 344 4041 iu
367 3979 453 4043 turri
475 3986 678 4055 memorata,
705 3978 877 4058 accipiens
900 3976 935 4038 in
964 3994 1069 4038 monn

119 4097 184 4142 sua
216 4098 334 4140 omnes
362 4077 469 4142 laicas
502 4078 735 4159 possessiones
768 4076 856 4159 ejus,
888 4076 970 4157 quia
1004 4075 1069 4136 sub

121 4179 240 4240 habitu
263 4178 413 4241 clericali
438 4178 544 4240 lorice
571 4186 646 4240 erut
669 4185 834 4252 ormutus,
858 4175 948 4255 quod
972 4174 1071 4237 cleri-
