2978 4996
367 430 434 495 328
624 443 756 492 uocum
781 444 828 491 un
851 442 1058 491 wnuuovnn

209 621 264 661 au
276 623 332 660 ηπ
372 605 485 686 pimus
503 579 538 666 in
556 602 707 680 excelso,
725 609 764 664 nt
778 621 839 684 per
855 601 945 664 diem
962 607 998 663 et
1013 608 1148 663 noctem
1168 599 1320 664 fidelium

208 670 332 759 ιτῗῖοὛ
314 720 352 760 u
371 703 462 767 oculi
488 701 617 765 doloris
652 701 863 783 lachrymam
889 699 1097 763 deducentes
1127 720 1198 763 non
1227 708 1320 764 tace-

371 811 445 878 ant,
471 809 518 879 et,
541 802 649 865 donec
677 801 881 864 misereatur
907 799 1090 875 Dominus,
1114 818 1184 861 non
1207 800 1322 881 quies-

372 910 465 965 cant.
519 901 745 964 lamentatur
770 907 899 974 antem,
920 899 1003 980 quia
1024 897 1148 961 domus
1172 899 1323 963 caelestis

372 1003 485 1083 panis,
506 1019 605 1063 mons
627 998 734 1082 Syon,
756 996 846 1061 unde
870 997 928 1060 lex
951 998 1049 1073 exiit,
1066 997 1192 1060 civitas
1212 997 1322 1079 Regis

373 1100 502 1181 magni,
524 1097 566 1162 de
592 1118 662 1180 qna
684 1098 778 1160 dicta
804 1106 886 1160 sunt
907 1097 1017 1160 multa
1039 1096 1206 1176 gloriosa,
1228 1105 1324 1162 terra

209 771 303 810 comoed

372 1218 475 1281 quam
507 1198 574 1261 Dei
603 1198 712 1261 Filius
738 1196 815 1259 fuso
839 1216 902 1277 pro
931 1196 1030 1259 nobis
1057 1214 1122 1258 suo
1151 1198 1323 1277 sanguine

372 1298 598 1373 consecravit,
616 1297 712 1377 regni
730 1296 834 1358 robur
848 1303 884 1358 et
899 1294 1188 1376 pulchritudinem
1206 1295 1322 1376 perdi·

372 1395 434 1458 dit.
482 1396 572 1472 Flet,
588 1397 671 1478 qnia
682 1394 855 1477 quondam
867 1394 976 1457 libera
989 1393 1053 1456 sub
1066 1393 1182 1475 impiae
1200 1401 1323 1478 tyran·

373 1495 461 1557 nidis
474 1495 561 1575 jugo
579 1494 695 1557 servit.
738 1493 863 1573 Luget,
877 1493 971 1574 quia,
988 1494 1046 1556 ubi
1063 1511 1183 1573 pacem
1201 1493 1322 1558 multi·

373 1593 457 1670 tudo
475 1593 607 1656 militiae
630 1590 779 1656 caelestis
801 1592 936 1667 cecinit,
955 1592 1001 1655 ibi
1023 1610 1186 1674 pressura
1205 1595 1321 1673 gentis

371 1691 652 1755 immundissimae
669 1690 846 1767 scandala,
868 1691 1062 1754 simultates
1078 1698 1113 1754 et
1130 1689 1322 1757 schismata

371 1790 566 1866 suscitavit,
588 1810 629 1854 ac
653 1791 822 1854 innovans
840 1789 984 1853 exordia
999 1789 1197 1872 praeliorum
1224 1792 1321 1856 misit

372 1890 413 1952 ad
438 1890 678 1954 desiderabilia
703 1908 842 1953 manum
865 1907 976 1966 snam,
998 1888 1182 1952 sacerdotii
1208 1898 1244 1953 ct
1263 1909 1320 1954 sa-

371 2009 507 2053 crorum
525 1991 682 2053 ordinum
702 1990 779 2071 pias
797 1989 943 2070 legeset
958 1988 1068 2070 ipsius
1085 1995 1220 2052 naturae
1234 1989 1318 2072 jura

371 2090 529 2170 relegans
550 2109 571 2152 a
588 2089 716 2171 templo
733 2089 886 2163 Domini,
903 2086 1049 2152 diversis
1070 2087 1118 2150 ibi
1140 2088 1317 2168 spurcitiis

370 2197 405 2251 ct
427 2188 737 2251 abominationibus
766 2186 996 2265 introductis;
1029 2193 1064 2250 et
1084 2186 1162 2250 ideo
1185 2185 1318 2251 Hieru-

370 2287 476 2349 salem
509 2288 545 2349 in
575 2288 648 2349 suis
679 2285 794 2350 derisa
823 2285 977 2349 sabbatis
1003 2285 1193 2362 obsorduit,
1216 2287 1318 2369 quasi

369 2385 502 2465 polluta
517 2386 701 2448 menstruis
714 2386 804 2450 inter
817 2385 942 2448 hostes.
983 2384 1075 2450 Nam
1090 2385 1171 2448 licet
1185 2385 1316 2449 dudum

369 2484 545 2547 carissimo
572 2485 606 2547 in
626 2484 766 2549 Christo
786 2484 859 2548 lilio
880 2492 998 2548 nostro
1020 2483 1217 2561 Frederico,
1241 2484 1316 2550 Ro-

368 2602 547 2646 manorum
572 2584 784 2666 imperatori,
806 2603 942 2666 semper
959 2590 1120 2665 augusto,
1143 2583 1316 2649 Hierusa-

367 2682 433 2745 lem
452 2690 487 2746 ct
502 2683 629 2747 Siciliae
650 2684 722 2765 regi
741 2683 880 2759 illustri,
894 2683 1017 2747 civitas
1036 2683 1168 2759 eadem,
1187 2693 1317 2766 praeter
1346 2709 1358 2734 ·

368 2783 533 2864 templum
563 2782 717 2859 Domini,
746 2783 851 2846 suerit
878 2783 1051 2858 restituta,
1075 2790 1202 2858 tamen,
1231 2785 1316 2867 quia

366 2881 463 2945 Deus
482 2883 699 2963 omnipotens
717 2891 799 2946 tunc
820 2881 1094 2962 magnificentius
1113 2901 1218 2963 agere
1234 2903 1314 2948 cum
1353 2961 1357 2967 ¹

365 2981 494 3062 populo
528 2979 725 3045 Christiano
750 3000 819 3046 non
844 2981 981 3065 adjecit,
1005 2981 1194 3063 imperator
1220 3002 1314 3065 prae-

364 3080 477 3143 dictus
504 3088 645 3161 treugas
674 3081 751 3145 iniit
778 3099 855 3143 cnm
881 3079 1044 3156 Soldano,
1069 3099 1217 3162 quarum
1244 3090 1315 3147 ter.

364 3179 478 3240 minus
508 3179 595 3242 adeo
624 3188 678 3243 est
703 3180 849 3254 vicinus,
878 3179 969 3261 quod
995 3188 1129 3261 tempus
1158 3181 1309 3245 medinm

363 3278 608 3358 praeparationi
625 3279 685 3343 vix
705 3277 860 3343 sufficere
879 3279 1041 3357 creditur,
1061 3279 1126 3342 nisi
1147 3278 1191 3342 ad
1215 3299 1315 3363 quae-

363 3394 431 3456 que
463 3378 657 3440 necessaria
694 3399 756 3461 per
788 3377 1105 3461 promptitudinem,
1138 3398 1237 3461 spem
1274 3390 1312 3445 et

362 3473 530 3538 servorem
565 3475 644 3539 fidei
676 3478 868 3542 festinetur.
922 3476 978 3541 Ad
1007 3479 1083 3562 ejus
1117 3497 1200 3560 ergo
1229 3499 1310 3543 suc·

361 3594 500 3638 cursum
536 3576 667 3638 nullum
693 3576 820 3641 taedeat
846 3577 1071 3659 peregrinari,
1098 3585 1134 3641 et
1159 3598 1222 3659 pro
1247 3599 1312 3661 pa-

361 3674 428 3737 tria
450 3683 582 3739 certare
605 3695 682 3738 cum
708 3696 769 3758 spe
787 3676 954 3752 victoriae,
971 3697 1033 3760 pro
1055 3696 1184 3741 corona
1207 3679 1309 3756 mori,

359 3793 422 3854 pro
445 3777 531 3851 vita,
553 3795 616 3858 pro
644 3775 712 3838 lllo
738 3776 909 3840 sustinere
935 3776 978 3839 ad
1002 3784 1139 3858 tempus
1163 3777 1251 3840 dura
1272 3786 1310 3842 et

359 3874 484 3951 tristia,
497 3876 568 3958 qui,
583 3875 783 3939 confusione
799 3883 1010 3957 contempta,
1024 3883 1128 3959 sputo
1143 3895 1307 3959 consper-

357 3992 429 4049 sus,
450 3973 605 4057 colaphis
629 3994 751 4052 caesus,
772 3975 918 4056 flagellis
940 3974 1099 4053 afflictus,
1117 3977 1227 4058 spinis
1250 3997 1307 4042 co·

357 4082 511 4150 ronatus,
538 4094 653 4138 coram
679 4073 795 4138 Pilato
819 4075 907 4151 sisti,
931 4082 1095 4158 tauquam
1119 4076 1306 4141 multorum

356 4173 535 4236 criminum
566 4193 657 4253 τους,
688 4175 841 4256 pertulit,
864 4174 907 4238 ad
932 4174 1090 4240 ultimum
1118 4176 1307 4241 crucifixus
