2978 4996
368 446 413 510 62
633 458 767 507 noonnr
792 457 839 505 nn
863 457 1070 505 wunnovnn

210 630 333 672 noum.
371 614 524 678 Soldano
561 615 661 679 annis
700 613 847 697 singulis
881 614 1117 679 solvebantur.
1189 614 1326 682 Avibus

371 714 525 778 abundat
547 722 582 779 et
603 714 735 778 saliuis.
803 713 944 778 casalia
976 714 1086 778 multa
1111 735 1324 798 pergyrum

370 813 569 877 serviebant
597 815 641 890 ei,
674 833 753 877 nam
784 813 909 876 civitas
942 822 1023 876 ante
1056 822 1210 878 castrum
1240 817 1324 880 olim

371 911 600 976 famosissima
623 912 690 977 suit
712 932 753 976 ac
780 912 891 995 major
914 913 1089 988 Damicta,
1115 914 1176 977 sed
1200 922 1325 996 postea

370 1011 521 1075 ruinosa.
595 1011 684 1076 Haec
716 1017 770 1074 est
798 1010 969 1093 Taphnis,
1004 1011 1105 1094 eujus
1137 1014 1251 1095 campi
1286 1016 1323 1077 in

370 1112 504 1191 psalmo
541 1111 697 1175 meminit
732 1110 903 1192 propheta
941 1110 1070 1187 David,
1112 1119 1148 1176 et
1185 1112 1322 1190 Esaias,

370 1210 501 1274 ‘Stulti
519 1211 692 1293 principes
715 1203 924 1291 Taphneos,’
947 1217 982 1273 ct
998 1216 1135 1274 caetera.
1189 1211 1231 1274 In
1257 1211 1322 1276 hac

371 1318 486 1372 autem
504 1311 588 1373 urbe
605 1308 628 1371 J
631 1309 776 1373 eremias
798 1308 926 1372 dicitur
946 1308 1132 1391 lapidatus,
1155 1317 1195 1373 ut
1212 1309 1321 1375 habes

371 1407 406 1469 in
425 1408 531 1471 veteri
550 1407 786 1471 Testamenta.
841 1408 961 1472 Distat
983 1414 1099 1471 autem
1120 1408 1278 1491 Taphnis
1300 1431 1323 1474 a

371 1505 535 1570 Damieta
569 1507 692 1570 itinere
725 1507 826 1569 unius
865 1507 932 1569 diei
970 1527 1032 1589 per
1068 1526 1162 1572 mare
1197 1528 1321 1573 versus

371 1613 498 1668 terram
524 1605 773 1687 promissioniS,
803 1611 842 1668 ut
863 1606 965 1669 facile
989 1607 1035 1670 sit
1057 1606 1101 1669 de
1122 1605 1247 1671 thon
1265 1609 1320 1671 vel

371 1703 414 1767 de
435 1705 598 1768 Damieta
618 1725 680 1787 per
701 1724 796 1768 mare
812 1705 867 1768 vel
889 1725 952 1787 per
971 1712 1096 1768 terram
1120 1707 1319 1788 praesidium

371 1802 497 1867 ibidem
530 1823 657 1885 ponere
687 1810 722 1867 et
747 1804 912 1868 victualia
943 1803 1128 1868 destinare.
1182 1805 1322 1887 llamna

370 1902 520 1984 plurima
539 1902 744 1968 Christianis
768 1903 850 1967 iecit
871 1903 908 1966 in
931 1901 1108 1967 obsidione
1133 1903 1318 1981 Damictae,

371 2002 511 2084 quando
538 2021 645 2066 naves
675 2002 720 2065 ad
749 2002 940 2066 exercitum
970 2002 1172 2065 accedentes
1197 2003 1252 2067 vel
1275 2006 1321 2067 ab

373 2120 413 2165 eo
440 2100 639 2166 recedentes
670 2100 795 2165 delatae
821 2100 960 2164 suerunt
986 2101 1081 2178 illuc,
1107 2119 1189 2164 nam
1220 2103 1320 2167 littus

373 2201 477 2263 maris
497 2207 579 2263 ante
595 2198 751 2281 Taphnis
777 2219 958 2263 arenosum
981 2206 1087 2264 estet
1107 2201 1182 2263 sine
1204 2210 1321 2283 portu,

372 2299 486 2361 sinum
503 2305 619 2362 autem
637 2298 739 2362 habet
753 2298 873 2375 latum,
887 2299 923 2361 in
938 2318 1007 2381 quo
1026 2318 1132 2362 naves
1147 2299 1320 2364 devolutae

373 2396 532 2460 recedere
564 2416 634 2460 non
657 2396 773 2461 valent
793 2398 924 2480 absque
948 2405 1053 2461 vento
1085 2398 1231 2462 multum
1259 2419 1322 2482 op-

372 2502 531 2577 portuno.
585 2495 713 2559 Eodem
729 2504 884 2578 tempore
899 2496 952 2560 vir
969 2496 1092 2560 nobilis
1111 2496 1320 2579 Ranulphus

372 2612 487 2657 comes
511 2594 716 2673 Castrensis
745 2602 929 2678 postquam
960 2595 1030 2658 sere
1059 2615 1120 2677 per
1143 2597 1317 2660 biennium

372 2692 406 2755 in
430 2694 571 2758 servitio
594 2695 661 2759 Dei
690 2694 911 2770 militaverat,
939 2714 1016 2757 cum
1044 2694 1151 2775 legati
1179 2695 1319 2760 licentia

371 2799 406 2855 et
423 2793 671 2871 benedictione,
694 2801 730 2857 et
746 2793 852 2857 totius
875 2793 1048 2857 exereitus
1071 2793 1202 2870 favore,
1220 2815 1320 2877 repa-

371 2892 502 2957 triavit.

449 3066 492 3129 Ut
505 3066 688 3130 Lodowicaa
704 3065 750 3128 ad
765 3064 927 3129 Thaletem
941 3062 1091 3128 hostiliter
1106 3063 1249 3128 accadens

698 3163 843 3247 masuras
859 3162 998 3226 redierit.

209 3301 304 3391 papo„
423 3284 525 3349 Circa
548 3284 623 3349 haec
639 3292 796 3368 tempora
815 3284 1034 3362 Lodowious,
1053 3284 1142 3348 filius
1166 3284 1320 3367 Philippi
1365 3323 1366 3326 =

208 3401 336 3441 rnououn.
372 3384 465 3465 regis
502 3384 713 3449 Francorum
747 3385 1010 3467 primogenitus,
1041 3384 1085 3447 ad
1116 3384 1319 3447 instantiam

371 3483 558 3565 patrissui
584 3483 866 3547 innumerabilem
893 3482 1035 3564 collegit
1056 3483 1257 3559 exereitum,
1282 3490 1320 3545 ut

372 3575 570 3647 haereticos¹
603 3582 813 3664 Albigenses
848 3583 1081 3664 impugnaret,
1109 3581 1319 3663 veniensque

371 3675 467 3745 cum²
491 3683 583 3747 omni
608 3682 829 3746 multitudine
853 3700 919 3744 sua
941 3681 986 3743 ad
1007 3682 1127 3744 urbem
1148 3679 1320 3744 Tholosa-

423 3856 587 3908 ¹Hoereticoa
637 3856 790 3920 diligentes.
818 3856 829 3919 ]
856 3871 927 3906 verse
949 3857 983 3917 by
1003 3871 1020 3905 a
1041 3861 1232 3917 contemporary
1250 3860 1320 3915 poet,

370 3928 494 3990 Amongat
515 3929 557 3976 the
585 3927 693 3976 hitherto
719 3926 830 3975 inodited
855 3926 949 3988 ending
966 3925 1028 3972 with
1048 3926 1090 3973 the
1109 3930 1321 3973 commencement

370 3999 455 4047 works
464 4013 532 4060 upon
538 3998 580 4046 the
590 3996 684 4057 history
691 3997 721 4045 oi
725 3997 831 4058 France,
855 3995 884 4044 of
903 3995 953 4044 this
971 3994 1164 4056 expeditiones
1180 3995 1256 4043 louis
1264 4008 1273 4054 ;
1290 3995 1319 4044 ll.

370 4067 408 4116 M.
421 4068 524 4115 Fauriel
537 4067 584 4115 has
599 4066 734 4128 publisbed
749 4080 765 4115 a
780 4067 831 4114 bis·
855 4070 929 4126 9³2³,
944 4081 1007 4129 seqq.

368 4139 425 4196 tory
435 4137 464 4183 of
476 4136 519 4184 the
536 4136 658 4185 erusedes
674 4136 775 4198 against
787 4135 830 4184 the
890 4131 976 4183 ²Crrm
992 4134 1057 4182 omni
1068 4126 1247 4198 multitudine]
1265 4132 1320 4181 The

367 4204 530 4268 Albigenses,
540 4206 641 4253 written
651 4205 677 4252 in
690 4206 830 4269 Provenqul
855 4204 939 4254 dukes
949 4205 978 4254 oi
992 4205 1128 4266 bretagne,
1140 4203 1242 4264 Noyon,
1253 4201 1319 4251 Seu·
