2978 4996
413 453 457 514 44
673 463 807 513 rosum
831 464 877 510 nu
901 462 1107 512 wannovnn

256 641 378 682 noune
416 622 598 687 Venerunt
620 629 654 686 et
677 621 829 703 episcopi
852 619 951 684 multi
974 639 1051 684 cum
1082 618 1207 682 comite
1237 617 1365 683 Niver-

416 723 527 799 nansi,
545 720 617 803 qui,
640 721 838 784 imminente
862 719 1027 802 periculo,
1050 737 1127 781 cnm
1146 717 1363 782 Christiano-

416 839 493 884 rum
511 819 712 883 confusione
729 819 883 882 recessit.
935 818 1042 881 Venit
1057 816 1258 881 etiamtunc
1276 825 1363 880 tem·

417 918 511 1000 poris
537 918 591 981 vir
618 917 763 981 illustris
790 935 904 982 comes
929 914 1123 979 Castrensis
1155 914 1364 996 Ranulpbus

418 1018 460 1080 de
477 1036 584 1099 regno
601 1014 752 1097 Angliae,
773 1034 849 1078 cum
874 1014 1056 1078 comitibus
1081 1007 1206 1076 ¹Saero
1224 1012 1363 1078 Winto-

419 1116 529 1180 niensi
562 1123 597 1179 et
629 1113 805 1179 Willelmo
837 1111 1079 1189 Arundeiensi,
1111 1119 1146 1176 et
1177 1111 1365 1175 baronibus

421 1214 576 1279 Roberto
618 1212 874 1288 lilio-Walteri,
912 1211 935 1274 J
938 1210 1072 1274 ohanne
1108 1210 1365 1275 constabulario

420 1312 610 1389 cestrensi,
626 1311 803 1376 Willelmo
833 1311 876 1373 de
905 1310 1081 1375 Harecurt
1115 1328 1192 1372 cum
1224 1309 1367 1391 sequela

420 1410 542 1486 multa,
564 1409 859 1474 et01iveriofilio
879 1410 971 1489 regis
993 1406 1144 1489 Angliae.
1182 1407 1363 1472 Venerunt

420 1511 524 1573 etiam
557 1510 701 1572 comites
734 1507 778 1571 de
811 1507 969 1570 Marcbia
996 1515 1032 1570 et
1056 1506 1158 1570 Barri
1186 1526 1261 1570 cnm
1295 1506 1366 1570 lilio

420 1627 497 1683 suo,
515 1605 711 1670 Willelmus
742 1606 785 1670 de
810 1604 976 1682 Carnoto,
1008 1605 1137 1669 Iterius
1168 1604 1211 1669 de
1238 1605 1366 1682 Tocce,

421 1714 455 1770 et
474 1706 647 1770 Hervaeus
664 1706 708 1769 de
724 1705 874 1782 Ursone,
891 1723 968 1768 cum
987 1703 1065 1767 aliis
1082 1704 1210 1769 multis.

462 1879 512 1942 De
524 1877 645 1944 deabus
659 1877 870 1958 iscariotides
874 1878 978 1964 sectis
991 1900 1013 1943 a
1030 1878 1196 1943 Saracenis
1210 1885 1318 1944 centro

647 1979 839 2044 diacanos
853 1978 942 2062 apad
953 1978 1144 2042 Damietam.

470 2096 650 2166 Saraceni²
667 2102 885 2185 postmodum
902 2102 938 2166 in
954 2102 1042 2166 festo
1061 2095 1190 2182 ³sancti
1207 2099 1369 2185 Dionysii

419 2219 498 2263 curn
522 2201 644 2282 galeiie
668 2208 703 2264 et
725 2202 809 2265 viris
834 2201 977 2264 armatis
1000 2220 1045 2264 ex
1068 2199 1256 2282 improviso
1270 2200 1367 2263 veni·

420 2307 530 2376 entes,
555 2308 590 2362 et
618 2297 788 2382 principia
814 2308 1004 2364 castrorum
1028 2299 1088 2362 ubi
1117 2298 1266 2361 Romani
1292 2305 1368 2361 ten-

421 2398 512 2460 toria
531 2397 681 2460 fixerant
700 2397 917 2475 invadentes,
940 2397 1076 2461 modica
1101 2414 1205 2459 manu
1223 2395 1368 2460 Christi-

422 2513 565 2558 anorum
594 2495 722 2577 repulsi
755 2504 849 2573 sunt,
880 2497 921 2560 ad
949 2496 1080 2577 galoius
1104 2513 1185 2557 snas
1209 2495 1367 2559 celeriter

421 2602 655 2673 recurrentes3
679 2595 739 2658 sed
758 2595 892 2676 gladios
918 2593 1172 2676 insequentium
1194 2611 1236 2657 ac
1255 2592 1367 2657 flumi-

423 2692 475 2755 nis
503 2694 702 2773 voraginem
732 2693 882 2776 effugere
916 2693 1159 2775 nequiverunt,
1198 2693 1368 2757 submersi

422 2799 503 2855 sunt
526 2793 616 2856 enim
645 2794 680 2855 in
708 2792 827 2857 Nilum
850 2792 893 2857 ad
918 2793 1012 2856 viros
1032 2791 1125 2855 mille
1145 2790 1368 2873 quingentos,

422 2890 512 2954 sicut
539 2891 658 2956 fideles
687 2892 881 2956 didicerunt
904 2898 1027 2974 postea
1058 2909 1079 2954 a
1112 2891 1270 2972 paganis.
1325 2890 1369 2954 ln

422 2989 511 3053 festo
534 2990 658 3053 iterum
680 2991 773 3055 beati
792 2991 960 3054 Demetrii
976 3009 1110 3053 summo
1127 2988 1278 3052 diluculo
1293 3008 1370 3052 cas-

422 3094 477 3149 tra
499 3086 774 3170 Templariorum
795 3090 998 3153 invaserunt
1026 3088 1154 3164 hostes,
1177 3087 1239 3152 sed
1261 3088 1370 3151 modi-

423 3204 501 3247 cum
518 3185 676 3249 fidelibus
693 3186 854 3250 damnum
871 3188 1084 3266 intulerunt3
1117 3185 1199 3269 quia
1225 3205 1287 3269 per
1309 3207 1371 3251 ex·

422 3283 558 3364 peditos
584 3304 703 3349 eorum
731 3287 863 3369 equites
889 3286 1002 3369 fugati
1033 3293 1115 3349 sunt
1146 3284 1190 3348 ad
1217 3293 1371 3367 pontem,

423 3401 524 3463 quem
542 3385 664 3465 procul
689 3392 967 3462 construxerant,
991 3385 1049 3448 ubi
1069 3384 1266 3467 interempti
1288 3393 1371 3449 sunt

423 3499 446 3543 a
462 3481 620 3546 fidelibus
637 3485 679 3547 ad
698 3504 876 3549 numerum
892 3484 1170 3567 quingentorum.

460 3660 552 3713 ¹Suero
565 3666 751 3731 Wintcrieasi.]
769 3667 812 3715 He
822 3665 883 3715 died
907 3666 993 3714 whose
1005 3670 1206 3726 acoountagreee
1216 3665 1371 3715 almoetver-

423 3746 484 3781 soon
500 3733 565 3783 aster
581 3735 621 3783 hir
641 3737 743 3794 arrival,
762 3736 812 3784 and
829 3749 884 3784 was
908 3735 986 3784 batim
999 3733 1060 3782 with
1071 3735 1125 3781 that
1136 3734 1165 3782 of
1173 3735 1215 3782 the
1226 3734 1326 3785 former.

421 3802 512 3851 buried
528 3805 642 3854 atAcre.
679 3805 721 3854 On
738 3804 778 3853 hir
795 3806 884 3853 death-
944 3801 1048 3852 ’Sancti
1059 3803 1197 3866 Dionysii]
1220 3803 1374 3868 wendover,

421 3871 471 3920 bed
491 3872 522 3921 he
544 3873 657 3924 directed
679 3874 720 3922 his
741 3873 837 3923 friends
859 3879 884 3922 to
909 3888 937 3922 or
953 3872 993 3922 his
1012 3873 1094 3921 scribe
1112 3872 1150 3921 lor
1169 3871 1231 3935 him,
1249 3872 1296 3922 lras
1313 3873 1373 3923 bere

422 3955 519 4002 convey
541 3942 582 3991 his
609 3943 680 3992 beart
706 3948 732 3991 to
755 3943 883 3993 Geroldon
909 3942 1026 3991 reversed
1036 3941 1078 3989 the
1090 3941 1164 3990 order
1175 3942 1205 3990 oi
1218 3942 1261 3990 the
1273 3958 1374 4005 respec-

422 4011 514 4071 abbey.
543 4012 864 4075 Annal.Waverl.p.186.
907 4012 959 4059 tive
971 4011 1035 4073 days
1046 4011 1075 4059 oi
1080 4010 1150 4059 these
1162 4013 1242 4060 saints
1249 4026 1256 4071 ;
1270 4013 1374 4075 placing

909 4081 950 4130 the
974 4085 1060 4130 events
1083 4080 1167 4128 which
1190 4081 1311 4131 occurred
1340 4097 1372 4130 on
1464 4085 1466 4088 ’

456 4142 611 4212 'eamcam
635 4150 691 4199 Jac.
712 4151 744 4198 de
763 4152 884 4210 vitriaco,
909 4146 1063 4199 Demetrius*
1074 4150 1134 4210 day,
1145 4150 1187 4199 tbe
1204 4150 1257 4212 ath,
1268 4166 1301 4200 on
1318 4151 1373 4200 that

421 4217 528 4276 p.ll³5;
542 4218 768 4269 oliversmolrrt.
777 4235 803 4281 p.
812 4225 883 4282 nac,
895 4261 898 4290 ι
908 4220 937 4268 oi
946 4220 1096 4282 Dionysius,
1107 4220 1149 4268 the
1161 4220 1204 4269 oth
1216 4219 1244 4268 oi
1250 4221 1372 4270 October.
