2978 4996
482 407 622 456 aionas
646 408 913 458 msronmnuu.
1129 398 1173 461 67

218 562 464 627 Convenerunt
481 564 617 628 interim
637 575 818 648 magnates
838 567 978 650 Angliae
995 570 1037 632 ad
1056 590 1170 651 regem
1185 585 1239 625 Δ-ῐ).
1251 587 1306 625 ¹2²¹·

217 662 310 745 apud
345 662 707 742 westmonasterium,
745 674 784 729 ut
813 667 855 730 dc
889 669 1037 749 negotiis
1072 672 1169 751 regni

218 770 434 841 tractarent;
469 782 584 827 comes
616 785 710 841 vero,
740 766 798 846 qui
832 785 910 830 cum
943 769 1077 832 caeteris
1111 791 1169 834 vo·

216 872 317 924 catus
345 863 470 939 fuerat,
497 863 674 927 simulavit
700 885 737 927 se
763 864 823 928 illo
848 866 908 941 ire,
936 867 997 930 sed
1024 868 1168 931 callidus

216 962 332 1024 viator
355 962 572 1044 propositum
599 969 737 1025 mutans
760 962 804 1026 ad
828 965 1008 1028 castellum
1032 967 1075 1028 de
1099 967 1167 1030 Fo-

217 1059 410 1140 theringeia
450 1059 601 1124 divertit.
673 1061 760 1125 Erat
796 1070 879 1125 tunc
920 1064 1099 1127 castellum
1133 1067 1168 1128 in

217 1158 375 1222 custodia
409 1158 551 1221 Ranulfi
589 1160 724 1223 comitis
761 1159 966 1239 Cestrensis,
996 1183 1018 1225 a
1050 1164 1167 1227 militi-

217 1256 282 1318 bus
304 1256 375 1320 sere
398 1276 439 1320 ac
460 1257 689 1321 servientibus
712 1258 936 1339 destitutum
967 1263 1058 1344 quod
1088 1283 1166 1325 cunr

216 1375 331 1418 comes
356 1357 542 1439 praedictus
567 1357 797 1438 cognovisset,
822 1359 935 1422 scalas
961 1362 1003 1423 ad
1033 1381 1166 1424 murum

215 1453 383 1517 adhibens
403 1456 545 1519 armatis
563 1456 635 1518 suis
654 1457 849 1537 ingressum
866 1460 1016 1540 paravit,
1039 1468 1075 1523 et
1092 1461 1166 1524 sine

216 1572 325 1629 mora,
350 1547 554 1636 ¹subjugato
578 1556 734 1631 castello,
757 1576 888 1637 paucos
915 1577 1002 1639 quos
1026 1559 1166 1622 invene·

215 1660 297 1716 runt
320 1653 481 1717 custodes
506 1653 651 1718 vinculis
674 1656 966 1720 constrinxerunt.
1020 1657 1167 1733 Deinde,

215 1751 386 1833 impositis
407 1753 443 1815 in
465 1752 608 1816 castello
635 1754 790 1829 armatis,
813 1753 856 1816 ad
882 1755 1102 1836 municipium
1124 1756 1167 1820 de

217 1850 342 1914 Biham
381 1850 538 1915 celeriter
575 1851 797 1928 convolavit;
839 1872 907 1933 quo
946 1853 1051 1931 sacto,
1088 1874 1166 1918 cum

215 1950 359 2013 armatis
385 1951 458 2013 suis
482 1959 592 2015 totam
612 1950 827 2033 adjacentem
850 1953 1062 2032 provinciam
1085 1972 1167 2034 spo·

215 2048 326 2125 liavit,
361 2057 583 2132 castrumque
621 2069 721 2112 suum
763 2049 807 2112 de
844 2050 979 2113 damnis
1021 2050 1166 2114 aliorum

215 2149 373 2213 munivit.
419 2148 487 2212 Sed
513 2168 592 2211 cum
620 2150 757 2212 tandem
781 2149 850 2212 ista
872 2150 1097 2230 praesumptio
1122 2150 1165 2213 ad

215 2267 331 2329 regem
363 2254 399 2310 et
427 2247 502 2331 ejus
532 2247 715 2311 concilium
751 2249 977 2330 pervenisset,
1011 2249 1166 2312 exercitu

215 2365 342 2428 magno
375 2346 532 2410 celeriter
568 2354 771 2423 convocate,
804 2347 889 2410 seria
923 2356 1050 2430 quarta
1086 2356 1166 2429 post

215 2445 489 2527 purificationem
523 2446 635 2509 beatae
668 2445 792 2509 Mariae
823 2447 1004 2510 castellum
1033 2448 1074 2511 de
1104 2448 1165 2511 Bi·

214 2544 294 2607 ham
320 2546 439 2608 cuneis
466 2544 674 2609 militaribus
699 2546 950 2622 circumcinxit,
977 2554 1024 2621 et,
1049 2566 1091 2609 ne
1114 2547 1165 2610 di-

214 2644 308 2707 utius
336 2643 579 2726 protrahamus
605 2664 808 2720 sermonem,
832 2643 956 2708 locatis
981 2645 1017 2706 in
1040 2664 1164 2726 gyrum

213 2743 348 2807 castelli
371 2743 550 2820 machinis,
572 2762 688 2807 muros
715 2743 790 2825 ejus
811 2750 846 2805 et
868 2742 1013 2806 aedificia
1034 2735 1164 2805 ²dirue-

214 2850 296 2907 runt
323 2843 359 2905 in
399 2843 505 2919 brevi,
539 2843 590 2906 ita
623 2841 715 2924 quod
748 2841 858 2903 deluit
892 2840 988 2904 locus
1023 2839 1165 2903 inclusis

214 2941 273 3004 ubi
299 2943 364 3005 sub
395 2941 494 3005 salvo
518 2942 635 3023 capita
661 2940 878 3015 reclinarent,
904 2940 963 3021 qui
990 2939 1083 3001 alind
1111 2958 1163 3002 re·

214 3040 348 3122 fugium
372 3060 440 3104 non
466 3040 633 3104 habentes
660 3040 820 3103 exierunt
846 3058 964 3102 omnes
994 3037 1036 3102 de
1064 3039 1165 3101 ruina

213 3139 348 3203 castelli
374 3147 410 3203 et
431 3147 533 3204 sexto
559 3139 637 3201 idus
667 3137 844 3202 Februarii
871 3157 947 3201 sese
974 3139 1047 3219 regi
1074 3158 1163 3220 prae·

213 3245 419 3317 sentarunt;
459 3247 497 3302 at
526 3258 589 3301 rex
619 3237 727 3320 jussit
759 3256 819 3301 eos
852 3236 999 3300 vinculis
1033 3238 1163 3301 manci-

212 3338 289 3419 pari
312 3337 421 3401 donec
446 3337 628 3401 consilium
655 3337 808 3413 haberet,
831 3336 913 3418 quid
939 3335 983 3412 de
1005 3335 1073 3399 illis
1096 3336 1162 3399 sibi

212 3436 303 3500 soret
325 3436 509 3518 agendum.
561 3435 669 3499 Venit
691 3437 823 3498 interea
850 3454 964 3498 comes
989 3434 1032 3498 de
1054 3433 1161 3498 Albe·

213 3534 336 3598 marlia
365 3537 430 3598 sub
464 3534 638 3599 conductu
660 3533 821 3608 Walteri,
853 3532 1081 3598 Eboracensis
1106 3553 1161 3596 ar-

212 3631 435 3715 chiepiscopi,
463 3633 508 3697 ad
533 3652 662 3716 regem,
692 3640 739 3709 et,
764 3625 932 3696 ³Walone
958 3630 1073 3712 legato
1098 3631 1161 3692 im·

213 3740 385 3815 petuma
405 3753 484 3797 cum
510 3733 587 3814 ipso
615 3731 816 3814 pacificatus
836 3739 901 3807 est,
932 3749 973 3793 eo
996 3728 1089 3811 quod
1114 3729 1164 3791 ei·

248 3907 407 3972 'Satiugoto
429 3910 535 3958 melle
555 3902 567 3976 ]
602 3907 674 3969 'l'hey
699 3908 747 3956 five
754 3905 829 3966 days,
838 3905 887 3953 und
896 3917 951 3951 was
959 3903 1018 3951 then
1026 3902 1103 3951 taken
1113 3904 1163 3952 and

210 3981 290 4030 found
306 3980 349 4029 the
365 3979 445 4028 castle
461 3984 556 4041 empty,
573 3978 675 4027 accord·
700 3974 797 4026 burned
808 3980 834 4022 to
846 3974 888 4023 the
901 3973 997 4036 ground
1007 3989 1014 4032 ;
1026 3971 1088 4021 ibid.

210 4051 256 4113 ing
266 4055 292 4099 to
304 4050 346 4099 the
358 4049 451 4099 Chron.
464 4049 559 4099 Dunst.
577 4064 603 4110 p.
617 4053 673 4099 1⁰³.
736 4042 746 4073 ³
758 4045 870 4129 Wfslene
879 4039 904 4161 ]h
920 4044 993 4124 isatis
1011 4042 1084 4161 hggbl‘
1095 4043 1165 4160 Patahne·

247 4176 438 4249 cohaerent]
463 4182 489 4231 It
504 4181 564 4258 held
580 4186 625 4230 out
638 4180 676 4229 lor
700 4114 892 4246 Ξὲιὴρῑὴῖεαῖιὲῗ
928 4126 950 4161 ¹³
974 4127 1020 4174 pm
1080 4127 1098 4173 y

1018 4271 1057 4316 η
