<?xml version="1.0" encoding="UTF-8"?>
<!DOCTYPE html PUBLIC "-//W3C//DTD XHTML 1.0 Transitional//EN"
    "http://www.w3.org/TR/xhtml1/DTD/xhtml1-transitional.dtd">
<html xmlns="http://www.w3.org/1999/xhtml" xml:lang="en" lang="en">
 <head>
  <title>
</title>
<meta http-equiv="Content-Type" content="text/html;charset=utf-8" />
  <meta name='ocr-system' content='tesseract 3.04.00' />
  <meta name='ocr-capabilities' content='ocr_page ocr_carea ocr_par ocr_line ocrx_word'/>
</head>
<body>
  <div class='ocr_page' id='page_1' title='image "./rogeridewendove02rogegoog_0251.png"; bbox 0 0 2978 4996; ppageno 0'>
   <div class='ocr_carea' id='block_1_1' title="bbox 373 411 1074 533">
    <p class='ocr_par' dir='ltr' id='par_1_1' title="bbox 373 411 1074 533">
     <span class='ocr_line' id='line_1_1' title="bbox 373 411 1074 477; baseline -0.004 0"><span class='ocrx_word' id='word_1_1' title='bbox 373 411 439 477; x_wconf 76' lang='lat'>240</span> <span class='ocrx_word' id='word_1_2' title='bbox 642 428 775 476; x_wconf 74' lang='lat' dir='ltr'>nocant</span> <span class='ocrx_word' id='word_1_3' title='bbox 800 428 846 475; x_wconf 85' lang='lat' dir='ltr'>nn</span> <span class='ocrx_word' id='word_1_4' title='bbox 870 427 1074 475; x_wconf 81' lang='lat' dir='ltr'>wnunovnu</span> 
     </span>
     <span class='ocr_line' id='line_1_2' title="bbox 422 507 435 533; baseline 0 -1"><span class='ocrx_word' id='word_1_5' title='bbox 422 507 435 533; x_wconf 55' lang='lat' dir='ltr'>t</span> 
     </span>
    </p>
   </div>
   <div class='ocr_carea' id='block_1_2' title="bbox 209 583 1324 667">
    <p class='ocr_par' dir='ltr' id='par_1_2' title="bbox 209 583 1324 667">
     <span class='ocr_line' id='line_1_3' title="bbox 209 583 1324 667; baseline -0.001 -19"><span class='ocrx_word' id='word_1_6' title='bbox 209 608 265 648; x_wconf 67' lang='lat' dir='ltr'>nn</span> <span class='ocrx_word' id='word_1_7' title='bbox 275 609 334 649; x_wconf 78' lang='lat'>12³2.</span> <span class='ocrx_word' id='word_1_8' title='bbox 372 588 462 653; x_wconf 91' lang='lat' dir='ltr'>unde</span> <span class='ocrx_word' id='word_1_9' title='bbox 489 609 580 652; x_wconf 91' lang='lat' dir='ltr'>nnnc</span> <span class='ocrx_word' id='word_1_10' title='bbox 610 589 744 665; x_wconf 90' lang='lat' dir='ltr'>merito,</span> <span class='ocrx_word' id='word_1_11' title='bbox 767 607 845 652; x_wconf 90' lang='lat' dir='ltr'>cum</span> <span class='ocrx_word' id='word_1_12' title='bbox 874 587 1028 650; x_wconf 85' lang='lat' dir='ltr'>venisset</span> <span class='ocrx_word' id='word_1_13' title='bbox 1053 593 1190 667; x_wconf 90' lang='lat' dir='ltr'>tempus</span> <span class='ocrx_word' id='word_1_14' title='bbox 1221 583 1324 647; x_wconf 87' lang='lat' dir='ltr'>mise·</span> 
     </span>
    </p>
   </div>
   <div class='ocr_carea' id='block_1_3' title="bbox 210 659 304 707">
    <p class='ocr_par' dir='ltr' id='par_1_3' title="bbox 210 659 304 707">
     <span class='ocr_line' id='line_1_4' title="bbox 210 659 304 707; baseline 0.021 -10"><span class='ocrx_word' id='word_1_15' title='bbox 210 659 272 707; x_wconf 75' lang='lat' dir='ltr'>may</span> <span class='ocrx_word' id='word_1_16' title='bbox 279 661 304 699; x_wconf 76' lang='lat' dir='ltr'>or</span> 
     </span>
    </p>
   </div>
   <div class='ocr_carea' id='block_1_4' title="bbox 209 686 1325 768">
    <p class='ocr_par' dir='ltr' id='par_1_4' title="bbox 209 686 1325 768">
     <span class='ocr_line' id='line_1_5' title="bbox 209 686 1325 768; baseline -0.002 -20"><span class='ocrx_word' id='word_1_17' title='bbox 209 709 332 750; x_wconf 67' lang='lat' dir='ltr'>aenum</span> <span class='ocrx_word' id='word_1_18' title='bbox 372 688 467 752; x_wconf 93' lang='lat' dir='ltr'>rendi</span> <span class='ocrx_word' id='word_1_19' title='bbox 481 689 560 764; x_wconf 90' lang='lat' dir='ltr'>Dei,</span> <span class='ocrx_word' id='word_1_20' title='bbox 571 689 613 752; x_wconf 93' lang='lat' dir='ltr'>de</span> <span class='ocrx_word' id='word_1_21' title='bbox 626 689 723 764; x_wconf 76' lang='lat' dir='ltr'>lociS,</span> <span class='ocrx_word' id='word_1_22' title='bbox 743 695 783 751; x_wconf 93' lang='lat' dir='ltr'>ut</span> <span class='ocrx_word' id='word_1_23' title='bbox 798 686 980 763; x_wconf 88' lang='lat' dir='ltr'>credimus,</span> <span class='ocrx_word' id='word_1_24' title='bbox 996 686 1194 768; x_wconf 88' lang='lat' dir='ltr'>poenalibus</span> <span class='ocrx_word' id='word_1_25' title='bbox 1211 692 1325 748; x_wconf 90' lang='lat' dir='ltr'>trans-</span> 
     </span>
    </p>
   </div>
   <div class='ocr_carea' id='block_1_5' title="bbox 373 783 1330 2439">
    <p class='ocr_par' dir='ltr' id='par_1_5' title="bbox 373 783 1330 2439">
     <span class='ocr_line' id='line_1_6' title="bbox 373 783 1324 868; baseline -0.006 -17"><span class='ocrx_word' id='word_1_26' title='bbox 373 789 464 851; x_wconf 91' lang='lat' dir='ltr'>latus</span> <span class='ocrx_word' id='word_1_27' title='bbox 487 796 540 851; x_wconf 91' lang='lat' dir='ltr'>est</span> <span class='ocrx_word' id='word_1_28' title='bbox 561 788 605 850; x_wconf 89' lang='lat' dir='ltr'>ad</span> <span class='ocrx_word' id='word_1_29' title='bbox 629 807 737 868; x_wconf 84' lang='lat' dir='ltr'>regna</span> <span class='ocrx_word' id='word_1_30' title='bbox 757 789 832 849; x_wconf 88' lang='lat' dir='ltr'>sine</span> <span class='ocrx_word' id='word_1_31' title='bbox 854 787 920 849; x_wconf 86' lang='lat' dir='ltr'>fine</span> <span class='ocrx_word' id='word_1_32' title='bbox 941 804 1117 860; x_wconf 84' lang='lat' dir='ltr'>mansura,</span> <span class='ocrx_word' id='word_1_33' title='bbox 1142 784 1202 846; x_wconf 91' lang='lat' dir='ltr'>ubi</span> <span class='ocrx_word' id='word_1_34' title='bbox 1223 783 1324 847; x_wconf 91' lang='lat' dir='ltr'>militi</span> 
     </span>
     <span class='ocr_line' id='line_1_7' title="bbox 373 882 1325 970; baseline -0.004 -21"><span class='ocrx_word' id='word_1_35' title='bbox 373 888 526 970; x_wconf 89' lang='lat' dir='ltr'>reposita</span> <span class='ocrx_word' id='word_1_36' title='bbox 544 894 597 950; x_wconf 92' lang='lat' dir='ltr'>est</span> <span class='ocrx_word' id='word_1_37' title='bbox 614 906 636 951; x_wconf 93' lang='lat' dir='ltr'>a</span> <span class='ocrx_word' id='word_1_38' title='bbox 654 906 735 968; x_wconf 81' lang='lat' dir='ltr'>rege</span> <span class='ocrx_word' id='word_1_39' title='bbox 752 885 904 961; x_wconf 85' lang='lat' dir='ltr'>Christo,</span> <span class='ocrx_word' id='word_1_40' title='bbox 920 885 976 947; x_wconf 93' lang='lat' dir='ltr'>cui</span> <span class='ocrx_word' id='word_1_41' title='bbox 999 883 1146 947; x_wconf 89' lang='lat' dir='ltr'>fideliter</span> <span class='ocrx_word' id='word_1_42' title='bbox 1168 882 1325 958; x_wconf 82' lang='lat' dir='ltr'>servivit,</span> 
     </span>
     <span class='ocr_line' id='line_1_8' title="bbox 373 981 1326 1071; baseline -0.005 -22"><span class='ocrx_word' id='word_1_43' title='bbox 373 1005 500 1050; x_wconf 91' lang='lat' dir='ltr'>corona</span> <span class='ocrx_word' id='word_1_44' title='bbox 510 987 672 1071; x_wconf 86' lang='lat' dir='ltr'>justitiae,</span> <span class='ocrx_word' id='word_1_45' title='bbox 692 1004 796 1067; x_wconf 84' lang='lat' dir='ltr'>quam</span> <span class='ocrx_word' id='word_1_46' title='bbox 817 984 1012 1066; x_wconf 87' lang='lat' dir='ltr'><strong>repromisit</strong></span> <span class='ocrx_word' id='word_1_47' title='bbox 1033 982 1130 1059; x_wconf 81' lang='lat' dir='ltr'>Deus</span> <span class='ocrx_word' id='word_1_48' title='bbox 1148 981 1326 1062; x_wconf 88' lang='lat' dir='ltr'>diligenti-</span> 
     </span>
     <span class='ocr_line' id='line_1_9' title="bbox 374 1081 1325 1167; baseline -0.006 -18"><span class='ocrx_word' id='word_1_49' title='bbox 374 1087 437 1149; x_wconf 93' lang='lat' dir='ltr'>bus</span> <span class='ocrx_word' id='word_1_50' title='bbox 459 1105 508 1149; x_wconf 89' lang='lat' dir='ltr'>se.</span> <span class='ocrx_word' id='word_1_51' title='bbox 561 1083 724 1149; x_wconf 87' lang='lat' dir='ltr'>Gaudent</span> <span class='ocrx_word' id='word_1_52' title='bbox 753 1085 796 1148; x_wconf 89' lang='lat' dir='ltr'>de</span> <span class='ocrx_word' id='word_1_53' title='bbox 822 1084 897 1167; x_wconf 90' lang='lat' dir='ltr'>ejus</span> <span class='ocrx_word' id='word_1_54' title='bbox 925 1083 1092 1146; x_wconf 84' lang='lat' dir='ltr'>societate</span> <span class='ocrx_word' id='word_1_55' title='bbox 1117 1082 1231 1144; x_wconf 88' lang='lat' dir='ltr'>sancti</span> <span class='ocrx_word' id='word_1_56' title='bbox 1262 1081 1325 1157; x_wconf 93' lang='lat' dir='ltr'>illi,</span> 
     </span>
     <span class='ocr_line' id='line_1_10' title="bbox 374 1179 1326 1266; baseline -0.005 -18"><span class='ocrx_word' id='word_1_57' title='bbox 374 1204 520 1266; x_wconf 91' lang='lat' dir='ltr'>quorum</span> <span class='ocrx_word' id='word_1_58' title='bbox 536 1192 676 1249; x_wconf 89' lang='lat' dir='ltr'>sanctas</span> <span class='ocrx_word' id='word_1_59' title='bbox 693 1184 837 1248; x_wconf 84' lang='lat' dir='ltr'>redemit</span> <span class='ocrx_word' id='word_1_60' title='bbox 853 1183 1015 1264; x_wconf 80' lang='lat' dir='ltr'>reliquias</span> <span class='ocrx_word' id='word_1_61' title='bbox 1037 1200 1058 1245; x_wconf 90' lang='lat' dir='ltr'>a</span> <span class='ocrx_word' id='word_1_62' title='bbox 1076 1179 1266 1244; x_wconf 90' lang='lat' dir='ltr'>Salaadino</span> <span class='ocrx_word' id='word_1_63' title='bbox 1291 1181 1326 1243; x_wconf 94' lang='lat' dir='ltr'>in</span> 
     </span>
     <span class='ocr_line' id='line_1_11' title="bbox 375 1280 1329 1366; baseline -0.005 -19"><span class='ocrx_word' id='word_1_64' title='bbox 375 1292 467 1348; x_wconf 87' lang='lat' dir='ltr'>terra</span> <span class='ocrx_word' id='word_1_65' title='bbox 490 1283 725 1366; x_wconf 83' lang='lat' dir='ltr'>promissionis</span> <span class='ocrx_word' id='word_1_66' title='bbox 752 1303 814 1366; x_wconf 90' lang='lat' dir='ltr'>pro</span> <span class='ocrx_word' id='word_1_67' title='bbox 841 1281 1093 1364; x_wconf 79' lang='lat' dir='ltr'>quinquaginta</span> <span class='ocrx_word' id='word_1_68' title='bbox 1118 1280 1254 1343; x_wconf 89' lang='lat' dir='ltr'>duobus</span> <span class='ocrx_word' id='word_1_69' title='bbox 1277 1280 1329 1343; x_wconf 91' lang='lat' dir='ltr'>bi·</span> 
     </span>
     <span class='ocr_line' id='line_1_12' title="bbox 374 1380 1327 1464; baseline -0.003 -19"><span class='ocrx_word' id='word_1_70' title='bbox 374 1384 566 1446; x_wconf 86' lang='lat' dir='ltr'>zantiorum</span> <span class='ocrx_word' id='word_1_71' title='bbox 599 1383 761 1460; x_wconf 90' lang='lat' dir='ltr'>millibus,</span> <span class='ocrx_word' id='word_1_72' title='bbox 783 1389 886 1464; x_wconf 91' lang='lat' dir='ltr'>pacto</span> <span class='ocrx_word' id='word_1_73' title='bbox 915 1381 1121 1463; x_wconf 90' lang='lat' dir='ltr'>interposito</span> <span class='ocrx_word' id='word_1_74' title='bbox 1148 1399 1227 1442; x_wconf 91' lang='lat' dir='ltr'>cum</span> <span class='ocrx_word' id='word_1_75' title='bbox 1260 1380 1327 1442; x_wconf 90' lang='lat' dir='ltr'>eis·</span> 
     </span>
     <span class='ocr_line' id='line_1_13' title="bbox 376 1479 1327 1564; baseline -0.005 -19"><span class='ocrx_word' id='word_1_76' title='bbox 376 1483 452 1545; x_wconf 93' lang='lat' dir='ltr'>dem</span> <span class='ocrx_word' id='word_1_77' title='bbox 475 1482 617 1557; x_wconf 90' lang='lat' dir='ltr'>sanctis,</span> <span class='ocrx_word' id='word_1_78' title='bbox 642 1489 680 1545; x_wconf 94' lang='lat' dir='ltr'>ut</span> <span class='ocrx_word' id='word_1_79' title='bbox 704 1481 796 1564; x_wconf 90' lang='lat' dir='ltr'>apud</span> <span class='ocrx_word' id='word_1_80' title='bbox 820 1482 932 1544; x_wconf 90' lang='lat' dir='ltr'>Deum</span> <span class='ocrx_word' id='word_1_81' title='bbox 960 1479 997 1543; x_wconf 93' lang='lat' dir='ltr'>in</span> <span class='ocrx_word' id='word_1_82' title='bbox 1020 1498 1183 1561; x_wconf 92' lang='lat' dir='ltr'>suprema</span> <span class='ocrx_word' id='word_1_83' title='bbox 1207 1497 1327 1542; x_wconf 90' lang='lat' dir='ltr'>neces·</span> 
     </span>
     <span class='ocr_line' id='line_1_14' title="bbox 375 1577 1329 1661; baseline -0.002 -19"><span class='ocrx_word' id='word_1_84' title='bbox 375 1581 479 1644; x_wconf 90' lang='lat' dir='ltr'>sitate</span> <span class='ocrx_word' id='word_1_85' title='bbox 516 1599 580 1643; x_wconf 90' lang='lat' dir='ltr'>sua</span> <span class='ocrx_word' id='word_1_86' title='bbox 620 1582 692 1644; x_wconf 91' lang='lat' dir='ltr'>suis</span> <span class='ocrx_word' id='word_1_87' title='bbox 727 1600 804 1644; x_wconf 91' lang='lat' dir='ltr'>eum</span> <span class='ocrx_word' id='word_1_88' title='bbox 840 1579 1145 1644; x_wconf 88' lang='lat' dir='ltr'>intercessionibus</span> <span class='ocrx_word' id='word_1_89' title='bbox 1182 1577 1329 1661; x_wconf 86' lang='lat' dir='ltr'>adjuva-</span> 
     </span>
     <span class='ocr_line' id='line_1_15' title="bbox 375 1677 1329 1762; baseline -0.002 -21"><span class='ocrx_word' id='word_1_90' title='bbox 375 1688 464 1744; x_wconf 84' lang='lat' dir='ltr'>rent.</span> <span class='ocrx_word' id='word_1_91' title='bbox 501 1680 611 1744; x_wconf 83' lang='lat' dir='ltr'>Erant</span> <span class='ocrx_word' id='word_1_92' title='bbox 626 1681 717 1743; x_wconf 89' lang='lat' dir='ltr'>enim</span> <span class='ocrx_word' id='word_1_93' title='bbox 733 1680 888 1762; x_wconf 85' lang='lat' dir='ltr'>reliquiae</span> <span class='ocrx_word' id='word_1_94' title='bbox 906 1686 1104 1742; x_wconf 86' lang='lat' dir='ltr'>memoratae</span> <span class='ocrx_word' id='word_1_95' title='bbox 1124 1677 1160 1740; x_wconf 95' lang='lat' dir='ltr'>in</span> <span class='ocrx_word' id='word_1_96' title='bbox 1178 1684 1329 1758; x_wconf 83' lang='lat' dir='ltr'>quatuor</span> 
     </span>
     <span class='ocr_line' id='line_1_16' title="bbox 376 1777 1330 1861; baseline -0.004 -18"><span class='ocrx_word' id='word_1_97' title='bbox 376 1780 534 1843; x_wconf 86' lang='lat' dir='ltr'>eburneis</span> <span class='ocrx_word' id='word_1_98' title='bbox 565 1779 721 1844; x_wconf 84' lang='lat' dir='ltr'>collectae</span> <span class='ocrx_word' id='word_1_99' title='bbox 758 1779 931 1861; x_wconf 80' lang='lat' dir='ltr'>capsellis,</span> <span class='ocrx_word' id='word_1_100' title='bbox 971 1787 1124 1860; x_wconf 91' lang='lat' dir='ltr'>tempore</span> <span class='ocrx_word' id='word_1_101' title='bbox 1156 1777 1330 1859; x_wconf 87' lang='lat' dir='ltr'>captionis</span> 
     </span>
     <span class='ocr_line' id='line_1_17' title="bbox 377 1875 1329 1943; baseline -0.002 -2"><span class='ocrx_word' id='word_1_102' title='bbox 377 1887 478 1942; x_wconf 87' lang='lat' dir='ltr'>terrae</span> <span class='ocrx_word' id='word_1_103' title='bbox 494 1886 624 1943; x_wconf 88' lang='lat' dir='ltr'>sanetae</span> <span class='ocrx_word' id='word_1_104' title='bbox 647 1899 688 1943; x_wconf 92' lang='lat' dir='ltr'>ac</span> <span class='ocrx_word' id='word_1_105' title='bbox 711 1880 822 1942; x_wconf 85' lang='lat' dir='ltr'>crucis</span> <span class='ocrx_word' id='word_1_106' title='bbox 845 1877 1044 1942; x_wconf 66' lang='lat' dir='ltr'>reverendae</span> <span class='ocrx_word' id='word_1_107' title='bbox 1067 1878 1110 1941; x_wconf 89' lang='lat' dir='ltr'>ab</span> <span class='ocrx_word' id='word_1_108' title='bbox 1131 1875 1329 1940; x_wconf 90' lang='lat' dir='ltr'>infidelibus</span> 
     </span>
     <span class='ocr_line' id='line_1_18' title="bbox 377 1975 1330 2061; baseline -0.004 -20"><span class='ocrx_word' id='word_1_109' title='bbox 377 1978 571 2055; x_wconf 67' lang='lat' dir='ltr'>Saracenis</span> <span class='ocrx_word' id='word_1_110' title='bbox 602 1999 665 2061; x_wconf 88' lang='lat' dir='ltr'>per</span> <span class='ocrx_word' id='word_1_111' title='bbox 690 1986 800 2042; x_wconf 87' lang='lat' dir='ltr'>totam</span> <span class='ocrx_word' id='word_1_112' title='bbox 827 1976 986 2041; x_wconf 85' lang='lat' dir='ltr'>Judaeam</span> <span class='ocrx_word' id='word_1_113' title='bbox 1015 1984 1051 2040; x_wconf 92' lang='lat' dir='ltr'>et</span> <span class='ocrx_word' id='word_1_114' title='bbox 1071 1975 1269 2050; x_wconf 84' lang='lat' dir='ltr'>Galiloeam,</span> <span class='ocrx_word' id='word_1_115' title='bbox 1294 1983 1330 2038; x_wconf 92' lang='lat' dir='ltr'>et</span> 
     </span>
     <span class='ocr_line' id='line_1_19' title="bbox 377 2073 1329 2160; baseline -0.004 -20"><span class='ocrx_word' id='word_1_116' title='bbox 377 2087 476 2141; x_wconf 84' lang='lat' dir='ltr'>erant</span> <span class='ocrx_word' id='word_1_117' title='bbox 507 2078 654 2159; x_wconf 84' lang='lat' dir='ltr'>singulae</span> <span class='ocrx_word' id='word_1_118' title='bbox 683 2077 844 2160; x_wconf 82' lang='lat' dir='ltr'>capsellae</span> <span class='ocrx_word' id='word_1_119' title='bbox 873 2083 982 2141; x_wconf 84' lang='lat' dir='ltr'>tantae</span> <span class='ocrx_word' id='word_1_120' title='bbox 1014 2073 1262 2157; x_wconf 79' lang='lat' dir='ltr'>magnitudinis</span> <span class='ocrx_word' id='word_1_121' title='bbox 1289 2092 1329 2136; x_wconf 88' lang='lat' dir='ltr'>ac</span> 
     </span>
     <span class='ocr_line' id='line_1_20' title="bbox 377 2174 1330 2260; baseline -0.004 -21"><span class='ocrx_word' id='word_1_122' title='bbox 377 2177 657 2260; x_wconf 63' lang='lat' dir='ltr'>ponderositatis</span> <span class='ocrx_word' id='word_1_123' title='bbox 680 2178 795 2240; x_wconf 81' lang='lat' dir='ltr'>utrix</span> <span class='ocrx_word' id='word_1_124' title='bbox 816 2196 837 2239; x_wconf 93' lang='lat' dir='ltr'>a</span> <span class='ocrx_word' id='word_1_125' title='bbox 857 2189 1008 2258; x_wconf 87' lang='lat' dir='ltr'>quatuor</span> <span class='ocrx_word' id='word_1_126' title='bbox 1030 2174 1226 2239; x_wconf 87' lang='lat' dir='ltr'>bominibus</span> <span class='ocrx_word' id='word_1_127' title='bbox 1249 2193 1330 2254; x_wconf 88' lang='lat' dir='ltr'>por-</span> 
     </span>
     <span class='ocr_line' id='line_1_21' title="bbox 378 2272 1329 2359; baseline -0.005 -20"><span class='ocrx_word' id='word_1_128' title='bbox 378 2283 543 2340; x_wconf 76' lang='lat' dir='ltr'>tar-entur.</span> <span class='ocrx_word' id='word_1_129' title='bbox 590 2274 658 2338; x_wconf 90' lang='lat' dir='ltr'>Sed</span> <span class='ocrx_word' id='word_1_130' title='bbox 676 2275 750 2339; x_wconf 88' lang='lat' dir='ltr'>baec</span> <span class='ocrx_word' id='word_1_131' title='bbox 765 2277 924 2358; x_wconf 83' lang='lat' dir='ltr'>superius</span> <span class='ocrx_word' id='word_1_132' title='bbox 939 2276 975 2338; x_wconf 93' lang='lat' dir='ltr'>in</span> <span class='ocrx_word' id='word_1_133' title='bbox 990 2276 1098 2356; x_wconf 85' lang='lat' dir='ltr'>gestis</span> <span class='ocrx_word' id='word_1_134' title='bbox 1115 2273 1221 2357; x_wconf 92' lang='lat' dir='ltr'>bujus</span> <span class='ocrx_word' id='word_1_135' title='bbox 1236 2272 1329 2359; x_wconf 83' lang='lat' dir='ltr'>regis</span> 
     </span>
     <span class='ocr_line' id='line_1_22' title="bbox 377 2374 889 2439; baseline 0.004 -2"><span class='ocrx_word' id='word_1_136' title='bbox 377 2374 544 2439; x_wconf 89' lang='lat' dir='ltr'>Richardi</span> <span class='ocrx_word' id='word_1_137' title='bbox 561 2374 666 2439; x_wconf 90' lang='lat' dir='ltr'>latius</span> <span class='ocrx_word' id='word_1_138' title='bbox 683 2374 889 2439; x_wconf 84' lang='lat' dir='ltr'>referuntur.</span> 
     </span>
    </p>
   </div>
   <div class='ocr_carea' id='block_1_6' title="bbox 436 2544 1269 2632">
    <p class='ocr_par' dir='ltr' id='par_1_6' title="bbox 436 2544 1269 2632">
     <span class='ocr_line' id='line_1_23' title="bbox 436 2544 1269 2632; baseline 0.001 -23"><span class='ocrx_word' id='word_1_139' title='bbox 436 2545 485 2609; x_wconf 79' lang='lat' dir='ltr'>De</span> <span class='ocrx_word' id='word_1_140' title='bbox 500 2544 837 2632; x_wconf 68' lang='lat' dir='ltr'>dutrootiooafropam</span> <span class='ocrx_word' id='word_1_141' title='bbox 854 2545 1034 2612; x_wconf 62' lang='lat' dir='ltr'>eburaco</span> <span class='ocrx_word' id='word_1_142' title='bbox 1048 2547 1269 2611; x_wconf 76' lang='lat' dir='ltr'>Romanorum.</span> 
     </span>
    </p>
   </div>
   <div class='ocr_carea' id='block_1_7' title="bbox 213 2670 1327 2774">
    <p class='ocr_par' dir='ltr' id='par_1_7' title="bbox 213 2670 1327 2774">
     <span class='ocr_line' id='line_1_24' title="bbox 213 2670 1327 2774; baseline 0.001 -41"><span class='ocrx_word' id='word_1_143' title='bbox 213 2683 364 2774; x_wconf 58' lang='lat' dir='ltr'>tuufnrppt</span> <span class='ocrx_word' id='word_1_144' title='bbox 427 2670 557 2734; x_wconf 87' lang='lat' dir='ltr'>Eodem</span> <span class='ocrx_word' id='word_1_145' title='bbox 574 2690 665 2735; x_wconf 89' lang='lat' dir='ltr'>anno</span> <span class='ocrx_word' id='word_1_146' title='bbox 681 2672 849 2738; x_wconf 83' lang='lat' dir='ltr'>distracta</span> <span class='ocrx_word' id='word_1_147' title='bbox 860 2681 941 2736; x_wconf 89' lang='lat' dir='ltr'>sunt</span> <span class='ocrx_word' id='word_1_148' title='bbox 955 2672 1077 2736; x_wconf 88' lang='lat' dir='ltr'>horrea</span> <span class='ocrx_word' id='word_1_149' title='bbox 1088 2671 1327 2737; x_wconf 88' lang='lat' dir='ltr'>Romanorum</span> 
     </span>
    </p>
   </div>
   <div class='ocr_carea' id='block_1_8' title="bbox 213 2784 290 2834">
    <p class='ocr_par' dir='ltr' id='par_1_8' title="bbox 213 2784 290 2834">
     <span class='ocr_line' id='line_1_25' title="bbox 213 2784 290 2834; baseline 0 0"><span class='ocrx_word' id='word_1_150' title='bbox 213 2784 290 2834; x_wconf 57' lang='lat' dir='ltr'>wlrgy</span> 
     </span>
    </p>
   </div>
   <div class='ocr_carea' id='block_1_9' title="bbox 374 2770 1328 4046">
    <p class='ocr_par' dir='ltr' id='par_1_9' title="bbox 374 2770 1328 4046">
     <span class='ocr_line' id='line_1_26' title="bbox 375 2770 1325 2854; baseline 0.001 -22"><span class='ocrx_word' id='word_1_151' title='bbox 375 2788 437 2852; x_wconf 94' lang='lat' dir='ltr'>per</span> <span class='ocrx_word' id='word_1_152' title='bbox 459 2778 569 2835; x_wconf 88' lang='lat' dir='ltr'>totam</span> <span class='ocrx_word' id='word_1_153' title='bbox 596 2770 668 2834; x_wconf 83' lang='lat' dir='ltr'>fere</span> <span class='ocrx_word' id='word_1_154' title='bbox 685 2770 863 2853; x_wconf 86' lang='lat' dir='ltr'>Angliam‚</span> <span class='ocrx_word' id='word_1_155' title='bbox 886 2792 908 2835; x_wconf 89' lang='lat' dir='ltr'>a</span> <span class='ocrx_word' id='word_1_156' title='bbox 931 2770 1014 2835; x_wconf 83' lang='lat' dir='ltr'>viris</span> <span class='ocrx_word' id='word_1_157' title='bbox 1034 2771 1242 2854; x_wconf 88' lang='lat' dir='ltr'>quibusdam</span> <span class='ocrx_word' id='word_1_158' title='bbox 1269 2789 1325 2834; x_wconf 88' lang='lat' dir='ltr'>ar·</span> 
     </span>
     <span class='ocr_line' id='line_1_27' title="bbox 376 2864 1328 2952; baseline 0.001 -20"><span class='ocrx_word' id='word_1_159' title='bbox 376 2871 479 2933; x_wconf 91' lang='lat' dir='ltr'>matis</span> <span class='ocrx_word' id='word_1_160' title='bbox 499 2878 534 2933; x_wconf 91' lang='lat' dir='ltr'>et</span> <span class='ocrx_word' id='word_1_161' title='bbox 561 2864 705 2934; x_wconf 89' lang='lat' dir='ltr'>adbuc¹</span> <span class='ocrx_word' id='word_1_162' title='bbox 714 2871 855 2952; x_wconf 87' lang='lat' dir='ltr'>ignotis,</span> <span class='ocrx_word' id='word_1_163' title='bbox 880 2872 979 2935; x_wconf 91' lang='lat' dir='ltr'>bonis</span> <span class='ocrx_word' id='word_1_164' title='bbox 1005 2870 1261 2935; x_wconf 88' lang='lat' dir='ltr'>conditionibus</span> <span class='ocrx_word' id='word_1_165' title='bbox 1292 2878 1328 2934; x_wconf 90' lang='lat' dir='ltr'>et</span> 
     </span>
     <span class='ocr_line' id='line_1_28' title="bbox 375 2969 1328 3054; baseline -0.002 -19"><span class='ocrx_word' id='word_1_166' title='bbox 375 2969 418 3035; x_wconf 83' lang='lat' dir='ltr'>ad</span> <span class='ocrx_word' id='word_1_167' title='bbox 445 2969 658 3033; x_wconf 91' lang='lat' dir='ltr'>commodum</span> <span class='ocrx_word' id='word_1_168' title='bbox 686 2970 892 3049; x_wconf 89' lang='lat' dir='ltr'>multornm;</span> <span class='ocrx_word' id='word_1_169' title='bbox 925 2978 962 3034; x_wconf 94' lang='lat' dir='ltr'>et</span> <span class='ocrx_word' id='word_1_170' title='bbox 988 2989 1088 3054; x_wconf 88' lang='lat' dir='ltr'>opus,</span> <span class='ocrx_word' id='word_1_171' title='bbox 1113 2971 1196 3034; x_wconf 90' lang='lat' dir='ltr'>licet</span> <span class='ocrx_word' id='word_1_172' title='bbox 1222 2977 1328 3033; x_wconf 88' lang='lat' dir='ltr'>teme·</span> 
     </span>
     <span class='ocr_line' id='line_1_29' title="bbox 375 3068 1327 3146; baseline 0.002 -16"><span class='ocrx_word' id='word_1_173' title='bbox 375 3069 515 3141; x_wconf 87' lang='lat' dir='ltr'>rarium,</span> <span class='ocrx_word' id='word_1_174' title='bbox 538 3069 574 3131; x_wconf 91' lang='lat' dir='ltr'>in</span> <span class='ocrx_word' id='word_1_175' title='bbox 597 3069 804 3133; x_wconf 89' lang='lat' dir='ltr'>solennitate</span> <span class='ocrx_word' id='word_1_176' title='bbox 830 3068 992 3133; x_wconf 88' lang='lat' dir='ltr'>Pascbali</span> <span class='ocrx_word' id='word_1_177' title='bbox 1014 3068 1229 3146; x_wconf 89' lang='lat' dir='ltr'>inchoantes,</span> <span class='ocrx_word' id='word_1_178' title='bbox 1251 3069 1327 3132; x_wconf 91' lang='lat' dir='ltr'>sine</span> 
     </span>
     <span class='ocr_line' id='line_1_30' title="bbox 375 3166 1327 3252; baseline 0 -21"><span class='ocrx_word' id='word_1_179' title='bbox 375 3166 646 3232; x_wconf 87' lang='lat' dir='ltr'>contradictione</span> <span class='ocrx_word' id='word_1_180' title='bbox 676 3175 711 3231; x_wconf 91' lang='lat' dir='ltr'>et</span> <span class='ocrx_word' id='word_1_181' title='bbox 737 3169 855 3245; x_wconf 88' lang='lat' dir='ltr'>libere,</span> <span class='ocrx_word' id='word_1_182' title='bbox 881 3168 973 3252; x_wconf 92' lang='lat' dir='ltr'>quod</span> <span class='ocrx_word' id='word_1_183' title='bbox 996 3167 1211 3251; x_wconf 85' lang='lat' dir='ltr'>inceperant,</span> <span class='ocrx_word' id='word_1_184' title='bbox 1232 3187 1327 3232; x_wconf 91' lang='lat' dir='ltr'>com·</span> 
     </span>
     <span class='ocr_line' id='line_1_31' title="bbox 375 3265 1327 3351; baseline 0.004 -24"><span class='ocrx_word' id='word_1_185' title='bbox 375 3265 568 3347; x_wconf 90' lang='lat' dir='ltr'>pleverunt.</span> <span class='ocrx_word' id='word_1_186' title='bbox 629 3267 763 3349; x_wconf 87' lang='lat' dir='ltr'>Largas</span> <span class='ocrx_word' id='word_1_187' title='bbox 794 3268 1029 3351; x_wconf 87' lang='lat' dir='ltr'>eleemosynas</span> <span class='ocrx_word' id='word_1_188' title='bbox 1063 3267 1327 3332; x_wconf 78' lang='lat' dir='ltr'>advenientibus</span> 
     </span>
     <span class='ocr_line' id='line_1_32' title="bbox 374 3365 1328 3450; baseline 0.002 -23"><span class='ocrx_word' id='word_1_189' title='bbox 374 3365 626 3430; x_wconf 89' lang='lat' dir='ltr'>distribuebant</span> <span class='ocrx_word' id='word_1_190' title='bbox 650 3368 781 3448; x_wconf 83' lang='lat' dir='ltr'>egenis,</span> <span class='ocrx_word' id='word_1_191' title='bbox 803 3375 839 3431; x_wconf 94' lang='lat' dir='ltr'>et</span> <span class='ocrx_word' id='word_1_192' title='bbox 859 3368 1066 3450; x_wconf 91' lang='lat' dir='ltr'>quandoque</span> <span class='ocrx_word' id='word_1_193' title='bbox 1094 3386 1254 3431; x_wconf 90' lang='lat' dir='ltr'>nummos</span> <span class='ocrx_word' id='word_1_194' title='bbox 1275 3367 1328 3430; x_wconf 91' lang='lat' dir='ltr'>in-</span> 
     </span>
     <span class='ocr_line' id='line_1_33' title="bbox 375 3465 1325 3549; baseline 0.001 -21"><span class='ocrx_word' id='word_1_195' title='bbox 375 3472 428 3528; x_wconf 88' lang='lat' dir='ltr'>ter</span> <span class='ocrx_word' id='word_1_196' title='bbox 448 3484 617 3547; x_wconf 91' lang='lat' dir='ltr'>pauperes</span> <span class='ocrx_word' id='word_1_197' title='bbox 639 3467 849 3531; x_wconf 86' lang='lat' dir='ltr'>seminantes</span> <span class='ocrx_word' id='word_1_198' title='bbox 871 3486 930 3531; x_wconf 90' lang='lat' dir='ltr'>eos</span> <span class='ocrx_word' id='word_1_199' title='bbox 952 3467 1114 3549; x_wconf 89' lang='lat' dir='ltr'>colligere</span> <span class='ocrx_word' id='word_1_200' title='bbox 1139 3465 1325 3530; x_wconf 84' lang='lat' dir='ltr'>hortaban-</span> 
     </span>
     <span class='ocr_line' id='line_1_34' title="bbox 375 3564 1327 3642; baseline 0.002 -14"><span class='ocrx_word' id='word_1_201' title='bbox 375 3572 441 3628; x_wconf 89' lang='lat' dir='ltr'>tur.</span> <span class='ocrx_word' id='word_1_202' title='bbox 496 3565 718 3629; x_wconf 89' lang='lat' dir='ltr'>Delituerunt</span> <span class='ocrx_word' id='word_1_203' title='bbox 738 3566 853 3629; x_wconf 90' lang='lat' dir='ltr'>clerici</span> <span class='ocrx_word' id='word_1_204' title='bbox 875 3566 1025 3630; x_wconf 89' lang='lat' dir='ltr'>Romani</span> <span class='ocrx_word' id='word_1_205' title='bbox 1048 3567 1084 3630; x_wconf 93' lang='lat' dir='ltr'>in</span> <span class='ocrx_word' id='word_1_206' title='bbox 1104 3565 1267 3642; x_wconf 88' lang='lat' dir='ltr'>abbatiis,</span> <span class='ocrx_word' id='word_1_207' title='bbox 1284 3564 1327 3630; x_wconf 87' lang='lat' dir='ltr'>de</span> 
     </span>
     <span class='ocr_line' id='line_1_35' title="bbox 375 3663 1327 3747; baseline 0.002 -20"><span class='ocrx_word' id='word_1_208' title='bbox 375 3664 511 3747; x_wconf 88' lang='lat' dir='ltr'>injuriis</span> <span class='ocrx_word' id='word_1_209' title='bbox 555 3665 621 3727; x_wconf 92' lang='lat' dir='ltr'>sibi</span> <span class='ocrx_word' id='word_1_210' title='bbox 652 3665 760 3729; x_wconf 88' lang='lat' dir='ltr'>illatis</span> <span class='ocrx_word' id='word_1_211' title='bbox 793 3684 1008 3730; x_wconf 87' lang='lat' dir='ltr'>murmurare</span> <span class='ocrx_word' id='word_1_212' title='bbox 1041 3684 1110 3728; x_wconf 90' lang='lat' dir='ltr'>non</span> <span class='ocrx_word' id='word_1_213' title='bbox 1146 3663 1327 3743; x_wconf 87' lang='lat' dir='ltr'>audentes,</span> 
     </span>
     <span class='ocr_line' id='line_1_36' title="bbox 375 3764 1326 3847; baseline 0.002 -21"><span class='ocrx_word' id='word_1_214' title='bbox 375 3765 457 3847; x_wconf 89' lang='lat' dir='ltr'>qnia</span> <span class='ocrx_word' id='word_1_215' title='bbox 482 3764 660 3845; x_wconf 85' lang='lat' dir='ltr'>elegerunt</span> <span class='ocrx_word' id='word_1_216' title='bbox 686 3765 803 3846; x_wconf 87' lang='lat' dir='ltr'>potius</span> <span class='ocrx_word' id='word_1_217' title='bbox 831 3784 887 3828; x_wconf 91' lang='lat' dir='ltr'>res</span> <span class='ocrx_word' id='word_1_218' title='bbox 916 3783 998 3828; x_wconf 87' lang='lat' dir='ltr'>suas</span> <span class='ocrx_word' id='word_1_219' title='bbox 1024 3765 1194 3841; x_wconf 86' lang='lat' dir='ltr'>amittere,</span> <span class='ocrx_word' id='word_1_220' title='bbox 1221 3784 1326 3847; x_wconf 86' lang='lat' dir='ltr'>quam</span> 
     </span>
     <span class='ocr_line' id='line_1_37' title="bbox 375 3863 1327 3947; baseline 0.001 -21"><span class='ocrx_word' id='word_1_221' title='bbox 375 3863 490 3944; x_wconf 91' lang='lat' dir='ltr'>puniri</span> <span class='ocrx_word' id='word_1_222' title='bbox 519 3864 691 3927; x_wconf 87' lang='lat' dir='ltr'>sententia</span> <span class='ocrx_word' id='word_1_223' title='bbox 723 3864 875 3947; x_wconf 88' lang='lat' dir='ltr'>capitali.</span> <span class='ocrx_word' id='word_1_224' title='bbox 942 3863 1053 3928; x_wconf 87' lang='lat' dir='ltr'>Erant</span> <span class='ocrx_word' id='word_1_225' title='bbox 1076 3870 1193 3928; x_wconf 88' lang='lat' dir='ltr'>autem</span> <span class='ocrx_word' id='word_1_226' title='bbox 1223 3863 1327 3946; x_wconf 91' lang='lat' dir='ltr'>hujus</span> 
     </span>
     <span class='ocr_line' id='line_1_38' title="bbox 375 3963 1327 4046; baseline 0.003 -21"><span class='ocrx_word' id='word_1_227' title='bbox 375 3963 580 4026; x_wconf 89' lang='lat' dir='ltr'>temeritatis</span> <span class='ocrx_word' id='word_1_228' title='bbox 601 3971 760 4027; x_wconf 91' lang='lat' dir='ltr'>auctores</span> <span class='ocrx_word' id='word_1_229' title='bbox 784 3963 851 4028; x_wconf 86' lang='lat' dir='ltr'>viri</span> <span class='ocrx_word' id='word_1_230' title='bbox 870 3965 970 4046; x_wconf 88' lang='lat' dir='ltr'>quasi</span> <span class='ocrx_word' id='word_1_231' title='bbox 996 3970 1121 4046; x_wconf 88' lang='lat' dir='ltr'>quater</span> <span class='ocrx_word' id='word_1_232' title='bbox 1143 3963 1269 4044; x_wconf 85' lang='lat' dir='ltr'>viginti</span> <span class='ocrx_word' id='word_1_233' title='bbox 1292 3970 1327 4028; x_wconf 91' lang='lat' dir='ltr'>et</span> 
     </span>
    </p>
   </div>
   <div class='ocr_carea' id='block_1_10' title="bbox 374 4132 1327 4269">
    <p class='ocr_par' dir='ltr' id='par_1_10' title="bbox 374 4132 1327 4269">
     <span class='ocr_line' id='line_1_39' title="bbox 411 4132 1327 4201; baseline 0.003 -15"><span class='ocrx_word' id='word_1_234' title='bbox 411 4136 546 4201; x_wconf 50' lang='grc' dir='ltr'>Πριηνέα]</span> <span class='ocrx_word' id='word_1_235' title='bbox 564 4139 637 4187; x_wconf 87' lang='lat' dir='ltr'>‘Per</span> <span class='ocrx_word' id='word_1_236' title='bbox 653 4139 776 4200; x_wconf 82' lang='lat' dir='ltr'>quosdam</span> <span class='ocrx_word' id='word_1_237' title='bbox 794 4153 835 4187; x_wconf 82' lang='lat' dir='ltr'>sa·</span> <span class='ocrx_word' id='word_1_238' title='bbox 843 4132 899 4187; x_wconf 89' lang='lat' dir='ltr'>ter</span> <span class='ocrx_word' id='word_1_239' title='bbox 909 4152 1019 4189; x_wconf 78' lang='lat' dir='ltr'>excussa</span> <span class='ocrx_word' id='word_1_240' title='bbox 1029 4138 1221 4201; x_wconf 81' lang='lat' dir='ltr'>venderentur</span> <span class='ocrx_word' id='word_1_241' title='bbox 1232 4138 1327 4191; x_wconf 77' lang='lat' dir='ltr'>chron.</span> 
     </span>
     <span class='ocr_line' id='line_1_40' title="bbox 374 4170 1059 4269; baseline 0.004 -14"><span class='ocrx_word' id='word_1_242' title='bbox 374 4207 466 4258; x_wconf 80' lang='lat' dir='ltr'>tellites</span> <span class='ocrx_word' id='word_1_243' title='bbox 478 4208 554 4257; x_wconf 82' lang='lat' dir='ltr'>blada</span> <span class='ocrx_word' id='word_1_244' title='bbox 566 4209 733 4258; x_wconf 80' lang='lat' dir='ltr'>Romanorum</span> <span class='ocrx_word' id='word_1_245' title='bbox 740 4209 836 4259; x_wconf 80' lang='lat' dir='ltr'>violen-</span> <span class='ocrx_word' id='word_1_246' title='bbox 844 4170 956 4259; x_wconf 77' lang='lat' dir='ltr'>inuno.</span> <span class='ocrx_word' id='word_1_247' title='bbox 964 4223 990 4269; x_wconf 88' lang='lat' dir='ltr'>p.</span> <span class='ocrx_word' id='word_1_248' title='bbox 999 4211 1059 4258; x_wconf 73' lang='lat'><strong>20⁷.</strong></span> 
     </span>
    </p>
   </div>
   <div class='ocr_carea' id='block_1_11' title="bbox 0 0 1495 4996">
    <p class='ocr_par' dir='ltr' id='par_1_11' title="bbox 0 0 1495 4996">
     <span class='ocr_line' id='line_1_41' title="bbox 0 0 1495 4996; baseline 0 0"><span class='ocrx_word' id='word_1_249' title='bbox 0 0 1495 4996; x_wconf 95' lang='lat' dir='ltr'> </span> 
     </span>
    </p>
   </div>
  </div>
 </body>
</html>
