2978 4996
403 421 448 488 42
663 432 799 480 aoonnr
823 432 871 479 nn
894 430 1102 479 wannovnn

243 611 298 650 nn.
309 611 366 650 nn.
406 593 540 656 foratus
557 592 591 655 in
611 591 708 667 locis,
724 585 785 654 ¹ab
801 589 887 653 hora
904 607 995 653 nona
1011 595 1121 652 sextae
1137 586 1232 650 seriae
1248 604 1360 667 usqne

243 662 304 710 siege
313 661 337 700 ot

243 711 357 750 nemina
406 691 450 755 ad
473 691 592 754 horam
619 690 785 754 decimam
813 688 989 771 sequentis
1016 687 1153 750 sabbati
1182 685 1357 749 immobile

406 797 615 872 perseverat.
680 789 837 852 Tandem
870 785 1052 850 Saracenis
1083 786 1120 848 in
1159 784 1359 848 defensione

407 889 512 953 turris
535 889 674 952 omnino
696 885 947 963 deficientibus,
970 885 1181 966 colloquium
1205 883 1248 946 de
1270 900 1358 964 pace

405 987 580 1070 petebant,
603 1006 645 1052 ac
673 1007 749 1051 sese
771 987 836 1050 sub
866 985 1026 1067 pactione
1054 985 1136 1047 vitae
1160 981 1240 1045 duci
1263 977 1355 1044 Aus-

405 1086 481 1150 triae
495 1087 729 1151 reddiderunt.
775 1085 890 1166 Capta
904 1084 1024 1165 itaque
1039 1083 1139 1154 turri,
1156 1080 1356 1144 munierunt

405 1204 480 1250 eam
504 1185 623 1249 fideles
643 1184 853 1248 victualibus
878 1189 913 1246 et
933 1182 1086 1258 armatis,
1111 1188 1293 1263 sperantes
1313 1178 1357 1242 de

406 1291 532 1347 caetero
549 1291 588 1348 ut
605 1283 783 1348 civitatem
799 1280 957 1345 similiter
970 1280 1210 1363 subjugarent.

478 1456 528 1520 De
542 1465 637 1520 morte
653 1453 847 1538 Saplodini,
863 1464 891 1518 et
907 1453 1108 1520 danmatione
1122 1473 1283 1517 murorum
1353 1428 1357 1435 ¹

775 1552 983 1618 Hierusalem.

458 1670 562 1742 Post*
591 1682 729 1758 captam
756 1675 876 1758 itaque
896 1676 1018 1740 turrim
1045 1675 1082 1737 in
1108 1675 1190 1740 Nilo
1216 1675 1357 1738 flumine

353 1773 358 1784 '
407 1777 522 1852 sitam,
535 1769 785 1857 ³Saphadinns‚
801 1774 933 1839 dierum
949 1775 1117 1838 malorum
1129 1775 1358 1850 inveteratus,

406 1875 690 1956 fratrueliumque
727 1892 869 1937 suorum
905 1872 1146 1937 exbaeredator
1185 1892 1226 1936 ac
1260 1874 1359 1954 regni

406 1973 502 2039 Asiae
535 1980 721 2056 usurpator
749 1972 993 2054 nequissimae,
1019 1972 1138 2036 dolore
1167 1973 1293 2049 cordis,
1317 1979 1359 2036 ut

406 2074 584 2150 asseritur,
627 2080 741 2137 tactus
784 2072 991 2136 intrinsecus
1033 2080 1191 2136 mortuus
1228 2079 1283 2136 est
1323 2078 1358 2135 et

406 2172 562 2254 sepultus
601 2171 637 2233 in
670 2169 826 2248 infern03
865 2171 920 2233 cui
955 2172 1123 2234 successit
1159 2171 1250 2234 filius
1280 2171 1357 2253 ejus

407 2270 611 2345 Coradinus,
633 2269 685 2332 vir
712 2268 861 2331 crudelis
889 2277 925 2333 et
949 2288 1075 2345 saevuS,
1097 2270 1170 2350 qui,
1186 2269 1230 2332 ob
1254 2269 1356 2332 ultio-

409 2388 486 2432 nem
506 2367 693 2431 obsidionis
716 2366 900 2444 Damietae,
924 2367 1146 2431 Hierusalem
1170 2368 1359 2430 famosissi-

407 2486 496 2530 mam
526 2466 702 2529 civitatem
730 2465 813 2528 soris
842 2472 878 2529 et
903 2466 997 2530 intus
1021 2465 1217 2543 destruens,
1239 2484 1358 2529 muros

408 2565 483 2648 ejus
498 2573 533 2629 et
548 2572 660 2628 turres
678 2583 809 2641 omues,
832 2571 959 2647 praeter
982 2565 1148 2647 templum
1167 2565 1308 2629 Domini
1321 2572 1357 2628 et

409 2665 531 2727 turrim
548 2664 676 2741 David,
693 2665 728 2726 in
745 2683 887 2727 acervos
904 2664 1049 2745 redegit.
1102 2665 1158 2727 De
1172 2663 1358 2746 sepulchro

407 2783 547 2846 quoque
578 2763 720 2827 Domini
754 2763 907 2844 glorioso
940 2763 1150 2827 destruendo
1176 2763 1358 2828 consilium

408 2862 604 2927 hahuerunt
626 2863 801 2939 Saraceni,
825 2862 915 2944 quod
940 2882 1002 2945 per
1018 2862 1137 2928 literas
1153 2863 1355 2928 comminati

408 2970 501 3038 sunt,
526 2980 613 3044 quas
635 2961 768 3024 civibus
793 2962 965 3028 Damietae
989 2963 1034 3027 ad
1056 2985 1174 3028 eorum
1195 2965 1358 3028 solatium

410 3061 687 3123 transmiserunt.
738 3059 977 3125 Veruntamen
1010 3069 1151 3141 proptor
1178 3063 1266 3123 tanti
1292 3061 1359 3124 loci

410 3159 639 3222 reverentiam
663 3175 762 3219 nemo
784 3176 903 3221 eorum
928 3177 1067 3221 manum
1082 3175 1255 3240 apponere
1272 3177 1359 3239 prae·

413 3258 583 3337 sumpsit3
611 3273 690 3317 nam
712 3255 750 3329 in
772 3253 983 3333 Alchorano,
1007 3256 1095 3320 libro
1118 3256 1205 3337 logis
1227 3274 1359 3333 eorum,

413 3357 578 3436 scriptum
613 3354 771 3430 habetur,
804 3354 927 3418 Jesum
963 3355 1139 3419 Christum
1172 3355 1361 3417 Dominum

413 3460 567 3517 nostrum
597 3454 639 3516 de
667 3453 784 3518 Maria
814 3455 947 3535 virgine
967 3454 1073 3518 luisse
1097 3460 1302 3536 conceptum
1324 3461 1360 3518 et

414 3560 544 3628 natum,
562 3571 663 3633 quem
684 3552 758 3616 sine
780 3561 921 3635 peccato
938 3552 1068 3618 vixisse
1085 3554 1175 3617 inter
1193 3552 1362 3629 homines,

412 3651 686 3733 prophetamque
705 3660 741 3716 et
758 3652 940 3735 plusquam
963 3652 1168 3734 prophetam
1190 3671 1267 3715 esse
1285 3671 1362 3733 pro·

446 3797 502 3847 ¹Au
522 3801 581 3849 horo
599 3803 686 3865 nom]
711 3803 743 3850 ln
761 3804 819 3852 dac.
839 3804 871 3852 de
933 3799 1363 3872 ’ParcapthJacnevitriaoq

411 3870 522 3918 Vitriaco
531 3870 581 3918 this
592 3873 614 3918 is
624 3887 640 3919 a
648 3887 705 3920 new
713 3872 871 3934 paragraph·
898 3888 923 3934 p.
936 3877 1008 3923 1135.

410 3939 872 4002 ‘Abhoranona,ieriasexta,usque
932 3941 1363 4007 ’Sophudiaus‚]orSeii-eddin,the

411 4009 444 4056 ad
473 4008 558 4058 horam
590 4010 714 4059 decimam
743 4013 873 4071 sequentis
899 4013 982 4061 sword
1003 4012 1032 4061 oi
1045 4012 1162 4073 religion,
1178 4012 1220 4060 the
1237 4027 1310 4059 nume
1329 4013 1363 4072 by

412 4078 510 4125 sabbati
524 4079 625 4128 duravit
643 4080 689 4129 hoo
709 4075 872 4142 periculum3’
899 4082 982 4130 which
1001 4081 1169 4130 illaleh-Adel
1187 4081 1209 4129 is
1227 4081 1320 4129 known
1338 4081 1364 4129 in

412 4150 522 4206 pulsu.
899 4153 941 4199 the
964 4151 1081 4200 historias
1103 4150 1132 4199 oi
1150 4150 1193 4200 the
1218 4151 1364 4212 Crusades;

901 4219 1034 4281 liichand,
1043 4221 1080 4270 iii.
1093 4235 1118 4281 p.
1130 4224 1187 4269 lid.
