2978 4996
372 434 439 499 Μ
633 448 767 495 nocui
791 447 840 493 nn
862 445 1071 493 nanuum

146 555 151 561 Ι
209 623 333 662 ωιτη.
374 604 561 679 Henricus,
585 603 700 666 indie
725 603 962 680 Pentecostes,
988 603 1187 668 Iohannem
1215 603 1329 668 filium

374 704 538 779 liuberti,
557 701 697 783 Angliae
717 703 919 785 justiciarii,
937 703 1079 784 cingulo
1100 703 1244 766 militari
1263 705 1330 768 do·

372 804 472 867 navit
487 802 589 865 tertio
605 820 716 864 nonas
732 801 755 865 J
759 802 842 865 unii.

396 976 446 1040 De
475 976 697 1040 commotione
727 971 888 1036 Riclardi
918 972 1166 1050 Contrarienrit,
1190 973 1308 1060 Repeti

451 1075 656 1140 londinensis
668 1082 697 1136 et
713 1071 856 1156 Hrponie
868 1070 1019 1148 Elienrin,
1032 1073 1255 1156 episcoporum.

208 1220 358 1260 mr-
422 1198 554 1261 Eodem
571 1208 739 1279 tempore,
755 1196 792 1258 in
804 1194 861 1257 (lie
877 1204 1010 1257 sanctie
1026 1194 1225 1271 Trinitatis,
1242 1216 1328 1260 con·

208 1272 344 1419 ᾖξ’
372 1299 591 1457 ῖεηίθιιῐίὴὲιε
623 1293 886 1359 Cautuariensis
908 1292 1064 1356 ecclesiae
1094 1294 1327 1374 suffraganeis

340 1400 344 1406 '
371 1415 392 1458 a
420 1397 542 1458 udean
567 1415 621 1458 em
638 1395 828 1467 civitatem,
844 1400 1068 1455 consecratus
1091 1400 1145 1455 ent
1157 1395 1328 1473 magister

373 1417 583 1568 nummus,
617 1491 880 1555 cantuariensis
914 1491 1059 1566 electus,
1093 1510 1156 1572 per
1185 1510 1327 1555 manum

374 1592 527 1668 Raurici,
547 1590 721 1654 Roffensis
736 1589 903 1671 episcopi,
928 1590 1003 1651 siue
1019 1589 1138 1670 pallio,
1159 1590 1210 1653 ita
1231 1592 1326 1673 quod

372 1689 469 1753 licuit
484 1691 516 1753 ei
532 1689 587 1753 vel
604 1690 743 1753 ordines
767 1687 942 1751 celebrare
963 1686 1019 1750 vel
1043 1687 1208 1751 ecclesias
1231 1689 1326 1752 dedi·
1347 1749 1352 1756 .

371 1808 462 1852 care.
515 1788 719 1852 Conscerati
735 1794 818 1851 sunt
833 1787 938 1850 etiam
956 1805 1035 1848 cnm
1056 1805 1099 1849 eo
1118 1787 1239 1850 eodem
1258 1787 1328 1866 die,

371 1908 434 1970 per
462 1887 692 1952 ministerium
723 1885 876 1970 ejusdem
905 1885 1071 1966 episcopi,
1103 1895 1185 1948 ante
1211 1887 1327 1970 majus

372 1987 482 2050 altare
513 1989 550 2050 in
589 1988 734 2051 ecclesia
764 1992 897 2047 sanctae
930 1983 1126 2058 Trinitatis,
1161 1983 1327 2066 Rogerns

372 2088 502 2150 electus
533 2085 764 2149 londinensis
795 2090 833 2145 et
861 2080 970 2163 Hugo
1002 2082 1166 2160 Eliansis,
1199 2093 1327 2166 quarto

373 2185 450 2248 idus
465 2185 576 2248 Junii.
675 2228 680 2235 -

371 2354 421 2416 De
433 2374 542 2437 magno
554 2363 716 2439 apparatu
726 2353 807 2440 repis
816 2354 992 2441 Anplornm
1000 2354 1047 2419 ud
1056 2354 1327 2440 transfretandum

756 2464 943 2539 oonproyaro.

98 2610 101 2615 ·
212 2610 360 2659 rma„
423 2574 495 2638 Sub
517 2575 646 2639 eisdem
671 2575 803 2654 diebus,
832 2577 986 2640 instante
1007 2575 1096 2640 festo
1118 2579 1233 2641 sancti
1256 2578 1326 2642 Mi·

209 2659 329 2748 ἷζοξῖῗῖο,
372 2673 512 2747 chaelis,
553 2694 616 2738 rex
647 2673 843 2756 Auglorum
885 2674 1060 2738 Henricus
1095 2678 1325 2758 congregavit

211 2759 353 2896 fflss„
373 2774 465 2856 apud
484 2773 689 2838 Portesmue
704 2782 813 2836 totam
830 2773 1046 2837 nobilitatem
1064 2776 1161 2855 regni
1175 2775 1324 2857 Angliaa

228 2868 297 2898 ¹⁸⁰⁶*
373 2875 527 2949 comiteS,
545 2873 716 2948 videlicet,
738 2873 885 2936 barones
907 2882 943 2936 et
960 2872 1099 2947 milites,
1121 2892 1200 2935 cum
1226 2882 1326 2937 tanta

373 2974 525 3054 equitum
543 2991 585 3034 ac
601 2972 754 3053 peditum
778 2971 893 3046 turba,
913 2979 1080 3051 quantam
1096 2970 1213 3035 nullus
1229 2982 1327 3036 aute-

372 3090 547 3134 cessorum
558 3089 698 3133 suorum
709 3070 827 3151 aliquo
842 3069 993 3132 creditur
1009 3077 1163 3151 tempore
1177 3090 1324 3153 congre-

373 3188 495 3249 gasse3
520 3169 578 3229 nbi
599 3167 703 3231 etiam
720 3177 890 3232 venerunt
908 3168 951 3231 ad
975 3188 1053 3231 eum
1069 3168 1113 3230 de
1127 3170 1326 3250 regionibus

375 3266 566 3342 Hiberniae,
602 3266 742 3343 Scotiae,
762 3266 902 3330 Walliae
933 3274 969 3330 et
1000 3266 1196 3331 Galwalliae
1228 3276 1326 3333 tanta

374 3364 520 3428 militum
548 3372 584 3427 et
607 3373 818 3429 armatorum
841 3364 1040 3443 multitudo,
1063 3365 1156 3448 quod
1177 3365 1325 3432 admira·

375 3464 460 3526 tioni
478 3464 637 3527 omnibus
649 3464 885 3540 habebantur;
905 3466 1086 3547 proposuit
1099 3484 1249 3547 namque
1263 3487 1325 3531 rex

374 3582 452 3625 cum
475 3570 574 3627 tanta
597 3572 807 3627 armatorum
831 3565 933 3646 copia
950 3562 1241 3640 transfretarent
1259 3573 1326 3629 ter-

374 3683 444 3739 ras,
464 3682 552 3743 quas
574 3670 674 3743 pater
691 3663 866 3737 amiserat,
888 3664 922 3725 in
943 3682 1043 3725 suum
1061 3662 1248 3727 dominium
1272 3686 1325 3729 re·

375 3768 525 3825 vocaret.
579 3761 740 3838 Domum,
762 3781 839 3824 cum
863 3761 1036 3844 principes
1059 3770 1094 3824 et
1110 3764 1326 3828 mareschalli

376 3861 507 3924 militiae
530 3860 621 3942 regis
643 3861 687 3923 ad
710 3880 818 3925 naves
835 3861 1023 3936 venissent,
1039 3868 1080 3924 nt
1096 3861 1263 3927 victualia
1275 3864 1326 3926 in·

374 3967 534 4041 gererent
547 3968 583 4024 et
600 3979 707 4036 arma,
735 3960 821 4023 adeo
837 3978 969 4040 paucas
985 3961 1193 4024 invenerunt
1208 3981 1327 4040 naves,

375 4068 496 4123 utnon
513 4058 708 4123 sufficerent
724 4060 767 4123 ad
786 4059 1005 4122 medietatem
1025 4059 1199 4122 exercitus
1214 4067 1327 4125 trans-

374 4158 575 4235 ferendum,
603 4158 696 4240 quod
718 4159 859 4223 verbum
882 4178 959 4222 cnm
984 4159 1027 4222 ad
1050 4159 1142 4240 rogis
1167 4160 1326 4242 notitiam
