2978 4996
393 457 534 504 scoaus
557 458 829 508 ursroaraauu.
1040 446 1084 508 19

129 611 252 676 lelrnus
280 612 372 677 filius
399 615 488 698 ejus,
515 616 642 681 Petrus
669 617 921 683 Wintonieusis
948 618 1217 701 opimo-aueu-

129 730 194 793 pus
216 713 252 774 in
275 733 380 796 opere
405 717 531 780 martio
559 717 727 795 eruditus,
750 739 864 782 comes
887 716 1081 782 cestrensis

130 810 351 894 Ranulpbus,
374 833 487 878 comes
515 816 777 880 saresbiriensis
795 817 1005 895 Willelmus,
1023 838 1080 882 co·

130 929 202 973 mes
223 910 265 973 de
288 911 457 976 Ferrariis
473 913 681 993 Willelmus,
705 935 819 980 comes
840 915 1078 980 albemarlen-

127 1010 175 1071 sis
197 1009 393 1074 Willelmus
411 1032 419 1091 3
444 1012 628 1077 adsuerunt
649 1021 684 1078 et
706 1017 864 1092 baroneS,
882 1015 1079 1079 Willelmus

128 1107 260 1172 scilicet
296 1109 339 1172 dc
379 1109 560 1189 Albeneio,
597 1113 776 1178 Jobannes
814 1114 1079 1193 Mareschallus,

129 1207 327 1272 Willelmus
351 1209 394 1273 de
417 1209 564 1276 Cantelo
586 1219 622 1277 et
644 1212 841 1277 Willelmus
869 1214 961 1276 filius
990 1214 1079 1296 ejus,

132 1307 311 1371 Falcasius
334 1309 371 1371 in
393 1329 497 1392 opere
518 1311 579 1375 illo
601 1311 797 1389 laudabilis,
813 1313 967 1377 Thomas
990 1313 1078 1376 Bas-

130 1416 195 1481 set,
221 1407 395 1472 Robertus
420 1409 462 1473 de
481 1410 737 1493 Veteri-ponte,
761 1412 933 1475 Briennus
956 1412 999 1475 de
1020 1411 1079 1474 In-

129 1505 219 1582 sula,
237 1504 427 1571 Gaufridus
450 1509 493 1572 de
511 1509 609 1587 Luci,
632 1510 814 1593 Philippus
837 1511 880 1574 de
896 1510 1078 1588 Albeneio,

129 1623 207 1668 cum
228 1606 427 1672 castellanis
449 1609 567 1672 multis
583 1609 618 1672 in
634 1630 737 1692 opere
753 1609 893 1674 militari
912 1612 1077 1691 expertis.

131 1703 182 1767 Hi
215 1712 344 1782 autem,
378 1707 470 1789 apud
506 1707 652 1773 Newerc
683 1709 879 1773 triduanam
911 1709 1077 1773 facientes

130 1822 263 1866 moram
290 1805 334 1868 ad
359 1807 621 1888 respirationem
644 1808 819 1872 hominum
841 1817 877 1872 et
899 1828 1077 1890 equorum,

130 1902 337 1968 confessioni
370 1905 507 1969 interim
540 1907 725 1984 vacabant,
756 1908 910 1989 corporis
939 1915 974 1971 et
996 1926 1077 1971 san-

130 2003 244 2083 guinis
270 2003 444 2068 Dominici
468 2007 688 2088 perceptione
710 2025 776 2069 sna
797 2025 943 2088 corpora
968 2007 1078 2068 muni-

10 2116 13 2123 ·
129 2103 246 2179 ebant,
283 2111 406 2168 contra
442 2105 593 2170 bostium
638 2106 849 2170 incursiones
890 2104 1078 2167 Dominum

127 2208 355 2284 protectorem
385 2203 512 2267 babere
538 2214 753 2287 quaerentes3
785 2206 903 2287 sicque
926 2205 1078 2268 universi

128 2301 172 2365 ad
202 2302 319 2365 omnia
346 2305 526 2386 provocati
555 2325 619 2388 pro
644 2304 784 2388 justitia
809 2306 897 2369 mori
920 2305 975 2368 vel
1002 2304 1077 2368 vin-

127 2420 205 2464 cere
227 2400 446 2466 affectabant.

152 2573 305 2652 Qualiter,
319 2574 452 2638 senatu
467 2574 547 2659 repis
561 2582 750 2660 congregato,
765 2573 881 2658 topatus
899 2593 998 2638 mnam
1009 2572 1073 2646 ,ad-

420 2694 564 2758 pupuom
577 2673 776 2737 animaverit.

178 2795 334 2860 Tandem
349 2796 385 2859 in
404 2797 619 2862 bebdomada
642 2795 879 2870 Pentecostes,
897 2793 982 2856 feria
995 2813 1076 2858 sex·
1089 2815 1240 2856 nimian·

128 2903 178 2970 ta,
191 2903 271 2978 post
282 2896 477 2961 divinorum
492 2896 757 2961 celebrationem
769 2900 1077 2969 sacramentorum,
1088 2865 1158 2916 '‘¹⁰‘'
1172 2875 1238 2914 '‘¹¹¹''

127 3013 274 3077 surgens
290 2995 428 3077 legatus
443 3016 536 3079 saepe
551 2997 663 3060 dictus
679 2992 830 3065 ostendit
842 3011 957 3056 coram
969 2994 1077 3056 omni-

129 3095 193 3157 bus
210 3113 314 3176 quam
331 3095 450 3178 iniqua
469 3102 544 3159 erat
562 3094 737 3159 Lodowici
757 3113 799 3157 ac
819 3094 999 3168 baronum,
1017 3093 1077 3174 qui

127 3194 159 3257 ei
175 3192 403 3272 adhaeserant,
420 3213 539 3271 causa,
556 3214 619 3277 pro
638 3213 708 3275 qua
726 3192 863 3256 fuerant
877 3210 1076 3256 excommu-

129 3294 235 3357 nicati
250 3301 286 3357 et
300 3294 345 3358 ab
359 3295 493 3358 unitate
510 3294 663 3358 ecclesiae
681 3292 875 3374 segregati;
899 3297 946 3367 et,
961 3297 1001 3354 ut
1017 3290 1076 3355 de·

129 3392 233 3475 nique
249 3394 441 3457 exercitum
454 3393 552 3456 illum
569 3394 738 3457 animaret
752 3390 795 3453 ad
810 3408 974 3472 pugnam,
988 3391 1076 3454 albis

128 3491 271 3556 indutus
286 3493 442 3557 vestibus
461 3512 539 3555 cum
560 3492 652 3556 clero
671 3491 832 3555 universo
854 3489 1075 3554 Lodowicum

129 3591 330 3655 nominatim
359 3592 671 3656 excommunicavit
693 3610 771 3655 cum
793 3588 1017 3671 complicibus
1040 3595 1076 3651 et

128 3690 320 3754 fautoribus
353 3691 437 3768 suis,
474 3700 509 3755 et
540 3692 713 3774 praecipue
745 3707 864 3753 omnes
895 3686 985 3762 illos,
1015 3688 1075 3769 qui

128 3790 221 3872 apud
244 3789 461 3855 Lincolniam
483 3798 605 3855 contra
627 3809 743 3871 regem
766 3787 906 3870 Angliae
928 3785 1075 3850 obsidio·

128 3909 204 3953 nem
238 3893 401 3972 agebant,
426 3910 504 3954 cum
528 3897 605 3955 tota
626 3889 779 3964 civitate,
807 3885 988 3949 continens
1009 3885 1076 3948 sci·

126 3989 209 4052 licet
232 3995 267 4053 et
289 3997 502 4054 contentum.
560 3989 619 4053 Eis
648 3995 777 4062 autem,
807 3984 866 4067 qui
898 3986 1075 4067 negotium

127 4087 193 4153 boc
219 4089 428 4172 inpropriis
453 4089 609 4172 personis
637 4085 889 4170 expediendum
918 4104 1078 4168 suscepe-

127 4194 220 4264 runt,
242 4188 285 4251 de
303 4207 468 4253 concessa
488 4189 555 4252 sibi
576 4194 751 4270 potestate
774 4187 818 4252 ab
841 4184 1077 4268 omnipotente

930 4306 972 4351 ca
