2978 4996
369 442 437 508 284
630 459 765 508 noouar
788 459 837 507 ou
858 454 1067 508 wsnuovsu

209 632 335 674 aneas
370 615 555 697 plurimum
586 616 787 679 damnosam
816 614 928 696 gratis
954 613 1025 690 inii,
1050 612 1087 675 in
1114 629 1187 693 qua
1216 608 1319 675 etiam

208 683 351 830 ffi·
371 715 546 791 convenit,
563 715 668 796 quod,
686 713 752 777 uisi
769 712 832 776 illa
851 733 896 776 ex
911 720 1011 795 parte
1029 710 1123 792 regis
1138 709 1224 773 mihi
1244 703 1321 774 'ob-

208 831 311 872 mnu.
371 821 581 889 servaretur,
595 815 711 878 omnia
725 813 866 877 omniuo
881 832 927 875 ex
944 818 1044 894 parte
1060 829 1138 874 mea
1151 817 1271 873 esseut
1283 810 1318 872 iu

371 921 480 989 statu,
503 913 624 994 inquo
643 912 784 975 fuerunt
802 919 884 975 aute
898 911 1024 974 dictam
1047 928 1169 991 pacem
1185 909 1318 984 initam,

371 1012 543 1088 videlicet,
560 1012 651 1093 quod
667 1031 734 1093 ego
748 1029 859 1074 essem
874 1017 976 1073 extra
996 1007 1196 1089 homagium
1218 1026 1319 1070 suum

370 1118 407 1174 et
427 1109 601 1174 diffidatus
622 1111 666 1173 ab
688 1128 741 1186 eo,
763 1109 854 1172 sicut
871 1108 968 1191 prius
987 1106 1037 1171 fui
1059 1127 1121 1189 per
1141 1106 1318 1171 dominum

370 1209 569 1290 episcopum
582 1208 825 1280 Menoveusem
837 1227 846 1285 3
865 1206 967 1283 uude,
982 1225 1060 1269 cum
1073 1205 1145 1268 fere
1156 1206 1193 1268 iu
1207 1205 1317 1269 omni·

370 1307 436 1370 bus
449 1307 604 1371 articulis
620 1308 656 1371 in
672 1307 784 1371 forma
798 1306 893 1389 pacis
907 1305 1080 1370 contentis
1093 1303 1270 1380 deiiceret,
1279 1303 1317 1367 li-

370 1406 444 1469 cuit
454 1405 550 1482 mihi,
560 1405 667 1489 juxta
681 1406 943 1469 conventionem
957 1423 1081 1480 meam,
1092 1402 1185 1485 quod
1202 1422 1316 1466 meum

372 1510 447 1567 erat
474 1521 676 1584 recuperare
704 1511 740 1568 et
764 1523 867 1586 posse
892 1522 992 1567 snum
1019 1502 1130 1567 modis
1157 1502 1317 1565 omnibus

369 1600 561 1678 debilitare,
583 1603 732 1666 maxime
748 1622 827 1666 cum
845 1603 889 1666 ad
911 1621 1023 1666 meam
1046 1601 1315 1665 destructionem

369 1705 405 1762 et
421 1700 733 1766 exhaeredationem
747 1709 783 1766 et
797 1702 951 1785 corporis
965 1700 1161 1783 captionem
1176 1699 1317 1764 anhela·

370 1806 444 1878 ret;
471 1806 507 1863 et
523 1798 589 1863 hoc
610 1820 673 1882 pro
695 1808 790 1865 certo
811 1800 927 1876 didici,
955 1812 1005 1877 et,
1026 1799 1057 1862 si
1080 1817 1222 1863 necesse
1249 1805 1315 1873 est,

368 1898 514 1978 probare
529 1918 681 1982 possum.
733 1899 792 1975 Et,
808 1899 900 1980 quod
924 1898 1036 1979 magis
1063 1904 1128 1971 est,
1150 1904 1232 1978 post
1255 1914 1318 1977 pa·

369 2016 443 2061 cem
459 2017 521 2080 per
536 1999 610 2062 dies
623 1997 817 2080 quindecim
835 2005 1020 2080 autequam
1031 1994 1197 2060 Walliam
1211 1995 1316 2057 intra-

369 2115 441 2159 rem
464 2104 527 2160 aut
548 2098 592 2159 ab
615 2096 732 2180 aliquo
756 2116 812 2160 me
841 2095 1068 2171 defenderem,
1089 2094 1165 2156 sine
1184 2093 1317 2177 judicio

369 2194 534 2276 spoliavit
558 2213 613 2256 me
636 2196 680 2257 ab
707 2193 818 2259 officio
845 2193 1088 2268 marescalcis,
1117 2191 1210 2275 quod
1236 2190 1317 2273 jure

369 2290 588 2354 haereditario
606 2291 649 2354 ad
667 2311 722 2354 me
738 2294 888 2376 pertinet
903 2300 939 2356 et
954 2291 1104 2374 possedi,
1118 2309 1183 2353 uec
1199 2289 1317 2371 aliquo

371 2389 474 2451 modo
502 2389 546 2451 ad
573 2389 657 2453 illud
683 2410 739 2455 me
770 2393 952 2456 restituere
976 2389 1086 2454 voluit
1106 2388 1315 2470 requisitus3

371 2485 462 2548 unde
491 2495 610 2569 aperte
640 2487 757 2566 didici,
783 2490 876 2573 quod
905 2489 1035 2553 nullam
1063 2504 1184 2569 pacem
1206 2485 1317 2551 voluit

369 2584 453 2648 mihi
475 2588 669 2663 observare,
692 2607 771 2652 cum
795 2597 875 2671 post
891 2606 1012 2671 pacem
1039 2586 1191 2650 deterius
1210 2603 1315 2667 quam

369 2690 451 2747 aute
473 2704 528 2747 me
547 2694 797 2767 pertractaret;
820 2687 911 2750 unde
932 2684 1035 2749 homo
1057 2703 1141 2748 suus
1162 2703 1233 2747 nou
1254 2682 1316 2759 fui,

368 2782 428 2845 sed
446 2784 489 2846 ab
507 2784 615 2865 ipsius
640 2783 801 2866 homagio
816 2805 879 2867 per
893 2785 1006 2867 ipsum
1022 2782 1215 2858 absolutus,
1237 2800 1315 2845 cum

369 2881 413 2944 ad
436 2883 581 2963 primam
608 2882 852 2948 diffidationem
881 2884 1038 2959 redirem,
1061 2881 1168 2966 juxta
1188 2880 1314 2945 dictam

369 2981 646 3057 conventionem,
678 2990 718 3046 ut
743 2981 945 3064 praedictum
976 2987 1041 3044 est.
1093 2978 1316 3061 Quapropter

369 3077 468 3142 licuit
488 3086 524 3142 et
545 3078 627 3142 licet
643 3099 698 3144 me
717 3079 910 3154 defendere,
935 3086 972 3144 et
987 3078 1129 3141 malitiae
1153 3077 1313 3141 consilia·

369 3183 482 3239 torum
514 3196 653 3241 suorum
687 3178 798 3242 modis
826 3178 985 3242 omnibus
1011 3175 1173 3241 obviare!
1226 3174 1316 3238 Item

368 3273 488 3336 dicunt
516 3275 703 3339 consiliarii
733 3277 838 3358 regis,
871 3276 957 3340 utile
986 3276 1060 3339 sore
1092 3273 1315 3348 Maresoullo,

369 3377 407 3434 ut
424 3389 462 3433 se
479 3381 654 3454 supponat
667 3375 910 3439 misericordiae
929 3374 1018 3456 ejus,
1034 3372 1117 3454 quia
1132 3391 1196 3437 rex
1213 3371 1316 3435 ditior

368 3476 404 3532 et
425 3471 599 3551 potentior
623 3478 699 3551 est3
729 3480 777 3550 et,
800 3474 832 3536 si
864 3471 1093 3536 Marcscallus
1116 3470 1258 3534 confidit
1278 3470 1313 3532 iu

367 3569 499 3633 auxilio
526 3570 808 3651 alienigenarum,
834 3590 896 3634 rex
924 3570 967 3634 ad
994 3588 1111 3645 uuum,
1133 3587 1236 3650 quem
1257 3566 1315 3631 ille

367 3666 526 3745 adducet,
550 3670 677 3751 poterit
693 3670 862 3735 adducere
884 3678 1042 3751 septem3
1066 3667 1150 3750 quia
1165 3665 1315 3731 offerunt

366 3784 404 3828 se
421 3767 559 3847 quidam
574 3769 821 3849 consanguinei
837 3768 928 3848 regis
942 3767 1157 3847 alienigenae,
1168 3765 1230 3846 qui
1244 3784 1313 3829 nou

365 3872 447 3928 sunt
456 3865 551 3929 Scoti
562 3867 617 3930 vel
629 3865 756 3931 Gallici
765 3865 1044 3942 autWalleuses,
1054 3864 1113 3948 qui
1125 3865 1267 3928 venient
1277 3864 1314 3926 in

364 3960 529 4044 Angliam
551 3972 587 4028 et
608 3965 878 4047 suppeditabunt
899 3982 1017 4028 omues
1042 3962 1201 4026 inimicos
1226 3962 1315 4046 ejus,

400 4160 407 4191 ¹
423 4165 619 4231 otmarum]
641 4162 822 4218 ‘observatur’
832 4167 859 4216 in
871 4166 939 4228 MS„
954 4165 1002 4215 but
1011 4161 1119 4214 marked
1128 4175 1160 4212 ue
1170 4175 1205 4211 au
1215 4176 1294 4217 erton
