2978 4996
408 463 473 530 108
671 474 804 525 socsnr
828 476 876 523 ns
899 472 1107 524 wunoovsn

248 646 371 688 surm.
409 632 569 695 omnibus
591 631 694 694 rebus
717 630 852 693 amissis
877 630 922 693 ad
947 630 1120 711 integrum
1148 630 1358 707 restitueret,

409 738 446 793 et
470 730 595 811 ipsum,
619 730 678 810 qui
711 730 803 811 patri
830 747 893 792 suo
920 735 955 791 et
978 729 1045 791 sibi
1075 728 1110 790 iu
1141 747 1268 809 guerra
1293 748 1358 791 sua

410 836 481 891 tam
500 827 646 891 fideliter
665 828 844 904 servierat,
860 846 959 909 pura,
976 835 1013 890 ut
1027 827 1183 903 decebat,
1199 826 1359 907 diligeret

410 927 568 990 caritate.
619 925 676 989 Ad
701 926 766 990 hoc
791 943 928 1008 quoque
952 919 1144 1006 ¹respondit
1166 945 1242 1001 rex,
1265 924 1358 1006 qnod

411 1033 550 1107 propter
574 1025 802 1106 proditionem
832 1022 1049 1087 manifestam
1073 1025 1118 1087 ab
1143 1024 1236 1087 omni
1264 1022 1358 1086 clero

411 1131 447 1186 et
478 1123 607 1204 populo
645 1123 743 1203 regni
779 1141 840 1204 per
871 1121 1039 1205 judicium
1073 1121 1178 1184 curiae
1210 1140 1282 1184 suae
1315 1123 1360 1184 ab

413 1220 542 1302 Anglia
565 1222 679 1284 fuerat
700 1222 736 1283 in
760 1221 902 1284 exilium
928 1221 1061 1302 pulsuS,
1088 1227 1135 1296 et,
1156 1219 1238 1283 licet
1262 1219 1358 1300 regni

412 1338 495 1382 cura
528 1319 724 1402 specialiter
757 1318 801 1381 ad
835 1319 948 1400 ipsum
984 1325 1141 1401 spectare
1174 1316 1359 1393 videretur,

411 1416 514 1479 debet
528 1418 623 1498 leges
641 1416 778 1498 quidem
794 1423 830 1479 et
846 1418 955 1479 bonas
975 1417 1074 1497 regui
1092 1415 1358 1480 consuetudines

412 1516 606 1578 observare.
661 1514 749 1577 Heec
777 1521 893 1577 autem
917 1534 995 1578 cum
1017 1515 1170 1578 audisset
1193 1515 1360 1595 magister

413 1612 518 1688 Otho,
549 1613 699 1676 cessavit
727 1612 871 1675 ulterius
901 1612 943 1676 de
980 1612 1139 1677 Falcasio
1170 1612 1358 1675 sollicitare

412 1729 539 1790 regem.
592 1710 691 1773 Tunc
711 1709 801 1773 idem
826 1710 920 1774 Otho
944 1712 1037 1793 cepit
1057 1712 1101 1774 ab
1122 1711 1281 1774 omnibus
1304 1729 1362 1773 ec·

412 1808 526 1871 clesiis
545 1808 685 1890 Angliae
711 1809 1009 1886 conventualibus,
1034 1810 1170 1873 nomine
1196 1827 1360 1890 procura·

413 1906 528 1983 tionis,
557 1907 644 1970 duas
677 1926 810 1971 mareas
842 1909 1002 1987 argeuti3
1033 1916 1069 1972 et
1092 1907 1269 1970 sciendum
1295 1914 1361 1983 est,

413 2006 517 2087 quod,
540 2012 693 2088 tempore
717 2025 785 2088 quo
805 2007 972 2086 magister
994 2005 1088 2069 Otho
1115 2007 1210 2069 venit
1232 2005 1268 2067 iu
1286 2002 1362 2068 An·

412 2105 528 2185 gliam,
556 2105 714 2168 domiuus
748 2123 840 2186 papa
869 2104 963 2166 misit
986 2106 1126 2168 nuntios
1153 2122 1215 2185 per
1245 2105 1362 2166 orbem

412 2205 622 2278 universum,
650 2202 849 2265 exactiones
870 2203 997 2284 ubique
1018 2203 1188 2266 indebitas
1206 2201 1362 2283 exigens,

413 2302 503 2389 sicut
518 2300 660 2363 inferius
677 2299 821 2363 dicetur.

413 2471 462 2533 Do
469 2470 579 2554 proibe
594 2471 741 2557 qaudam,
755 2494 821 2557 que
836 2471 970 2536 sculum
982 2472 1153 2557 relinquens
1165 2470 1211 2535 od
1223 2471 1364 2536 ordinem

722 2573 886 2636 Minorem
901 2572 1050 2656 coofupr't.

470 2691 573 2755 Circa
606 2693 745 2758 eosdem
776 2693 849 2758 dies
883 2702 958 2758 erat
983 2693 1099 2776 puella
1133 2693 1293 2776 quaedam
1328 2695 1364 2757 in

415 2790 540 2854 finibus
569 2792 793 2874 Burgundios,
816 2792 952 2874 generis
981 2792 1161 2856 nobilitate
1183 2793 1364 2874 praeclara,

415 2909 518 2971 quam
550 2899 711 2972 parentes
739 2890 781 2954 de
813 2891 1088 2973 possessionibus
1121 2909 1191 2953 non
1218 2890 1363 2954 modicis

415 2988 583 3052 haeredem
620 2990 686 3052 sibi
723 2990 932 3053 constituere
969 2989 1191 3053 decernentes
1226 2989 1363 3052 cuidam

414 3088 490 3149 viro
511 3105 556 3149 ex
579 3086 705 3149 illustri
732 3088 895 3170 prosapia
919 3089 1036 3169 genito
1060 3094 1204 3169 nuptam
1227 3088 1367 3167 tradere¹

415 3184 625 3261 voluerunt3
658 3184 718 3247 sed
749 3186 876 3266 puella,
904 3205 983 3267 quae
1014 3187 1058 3249 ab
1090 3186 1191 3248 annis
1222 3187 1364 3268 puerili·

416 3283 478 3343 bus
506 3281 630 3344 studiis
652 3281 765 3347 fuerat
786 3285 984 3348 liberalibus
1006 3285 1150 3360 imbuta,
1173 3284 1208 3347 in
1229 3293 1365 3348 secreta

415 3379 528 3442 cordis
557 3381 707 3462 puritate
732 3383 966 3464 virginitatem
995 3402 1093 3447 suam
1122 3383 1199 3446 Deo
1225 3382 1364 3446 dedica-

416 3486 526 3541 verat.
579 3479 768 3543 Parentum
785 3481 874 3545 clam
892 3481 1051 3545 deserens
1069 3481 1236 3564 palatium
1252 3482 1287 3545 in
1304 3481 1366 3544 ha-

415 3577 491 3639 bitu
523 3579 716 3659 peregrino,
749 3586 789 3643 ut
813 3599 851 3643 se
879 3580 1021 3644 liberius
1051 3599 1073 3643 a
1098 3579 1253 3661 paternis
1283 3599 1365 3644 con·

375 3670 376 3674 ’
416 3676 591 3757 spectibus
630 3685 818 3754 amoveret,
853 3678 1000 3742 contulit
1028 3697 1066 3740 se
1101 3678 1145 3741 ad
1179 3679 1366 3741 contuber-

417 3775 510 3837 nium
533 3776 748 3856 quorundam
775 3776 920 3840 fratrum
946 3777 989 3840 de
1015 3776 1134 3840 ordine
1163 3775 1363 3853 Minorum;

417 3875 486 3949 ubi,
509 3875 586 3955 ipsa
620 3875 794 3955 exigente,
825 3875 868 3938 de
893 3875 987 3939 illius
1018 3875 1133 3955 rigore
1163 3874 1293 3939 ordinis
1321 3873 1365 3937 ad

416 3972 555 4052 plenum
588 3972 723 4036 erudita
755 3973 990 4038 calceamenta
1021 3973 1194 4055 deposuit,
1227 3992 1365 4037 saccum

416 4140 689 4274 Ry¹nfteerspiougiturgc1
712 4146 836 4208 Compare
852 4147 894 4197 the
910 4147 1016 4210 legate's
1031 4146 1119 4197 lettere
1137 4151 1163 4196 to
1182 4146 1224 4196 the
1247 4161 1324 4210 pope,
1338 4149 1365 4197 in

510 4247 519 4274 ‚
541 4247 548 4262 .
578 4245 586 4262 .
648 4246 656 4263 .
