2978 4996
477 430 616 479 rnonus
639 431 907 481 ursronrnauu.
1100 415 1165 479 199

209 584 391 648 manifeste
406 584 597 664 videbatur,
620 589 711 669 quod
733 589 845 668 magis
866 590 1085 670 approbaret,
1107 609 1161 654 se·
1176 598 1230 639 Μ’·
1243 601 1298 638 ¹²²⁹·

210 683 360 746 cundum
383 683 475 765 quod
495 687 659 768 perpendi
682 694 819 768 poterat
840 707 901 768 per
921 695 1041 768 gestus
1064 696 1160 752 exte·
1175 650 1298 746 mm

211 781 331 859 riores,
347 782 458 864 legem
473 784 734 862 Saracenorum,
746 805 850 868 quam
867 787 977 867 legem
990 786 1068 849 fidei
1083 807 1161 850 nos·
1174 747 1301 847 ῗκιιῗιξῗῖἷτῖω

212 888 287 956 trae,
311 883 394 964 quia
421 883 457 944 iu
484 883 602 946 multis
627 886 714 947 ritus
739 886 891 966 ipsorum
915 885 1071 947 imitatus
1095 893 1159 949 est.

214 979 316 1057 Item,
340 979 377 1041 in
402 981 533 1063 scripto
555 982 647 1064 qnod
670 991 724 1046 est
740 983 831 1048 inter
852 984 965 1065 ipsum
988 991 1024 1046 et
1038 982 1159 1046 Solda·

211 1098 305 1155 num,
322 1079 414 1160 quod
436 1080 558 1161 lingua
577 1081 773 1163 appellatur
787 1080 939 1145 Arabica
953 1081 1161 1164 ‘mosepha,’

211 1178 419 1255 continetur,
445 1178 547 1260 quod,
573 1179 775 1244 durantibus
798 1181 943 1261 treugis,
965 1181 1039 1261 ipse
1056 1180 1160 1262 juva·

212 1275 264 1339 bit
281 1295 358 1339 enm
373 1288 496 1341 contra
512 1297 631 1342 omues
649 1278 803 1343 homines
819 1279 1035 1342 Christianos
1048 1287 1084 1343 et
1097 1278 1161 1342 Sa·

213 1393 368 1452 raceuos,
395 1383 469 1441 ete
492 1396 658 1441 converso
685 1375 856 1442 Soldanus
878 1378 1004 1459 ipsum.
1059 1377 1161 1455 Item,

214 1473 379 1555 spoliavit
409 1476 594 1539 canonicos
624 1484 754 1540 sanctae
784 1478 895 1540 crucis
923 1477 958 1539 in
984 1474 1108 1541 Achon
1140 1496 1162 1540 a

214 1572 419 1654 quibusdam
437 1573 638 1651 redditibus,
656 1593 744 1656 quos
765 1576 916 1657 recipere
938 1575 1110 1639 dehebant
1125 1575 1161 1637 in

213 1679 317 1752 portu
343 1669 554 1736 Achouensi.
613 1673 715 1750 Item,
744 1673 908 1756 spoliavit
935 1673 1160 1756 archiepisco·

214 1789 295 1851 pum
322 1769 602 1835 Nichossiensem
629 1773 665 1835 in
694 1772 822 1853 Cypro.
875 1772 976 1847 Item,
1008 1773 1162 1853 protexit

214 1868 385 1950 qnondam
411 1870 610 1953 episcopum
633 1871 860 1935 Surianorum
885 1871 1042 1951 potentia
1063 1889 1162 1933 secu-

213 1966 290 2044 lari,
320 1976 442 2032 contra
464 1969 709 2050 patriarcham,
737 1970 781 2032 ah
806 1968 1100 2032 excommunicato
1127 1975 1163 2031 et

215 2065 434 2130 schismatico
458 2068 666 2132 ordinatum.
720 2067 822 2142 Item,
840 2067 1004 2148 spoliavit
1021 2066 1161 2129 canoni-

217 2184 277 2229 cos
308 2166 420 2228 sancti
451 2165 624 2248 sepulchri
652 2165 884 2230 oblationibus
912 2165 1021 2246 ipsius
1047 2163 1162 2245 sepul-

216 2262 301 2339 chri,
317 2270 352 2326 et
369 2264 599 2345 patriarcham
611 2264 842 2329 oblationibus
855 2262 1027 2327 Calvariae
1045 2263 1111 2327 loci
1129 2271 1164 2326 et

217 2360 284 2426 loci
302 2360 491 2443 Golgatha,
507 2372 542 2427 et
556 2363 741 2428 canonicos
755 2364 865 2427 sancti
884 2364 1003 2447 templi
1019 2362 1165 2426 oblatio-

220 2461 321 2524 nibus
344 2462 425 2537 suis,
449 2468 485 2526 et
499 2481 560 2544 per
574 2481 698 2525 manus
717 2461 905 2526 satellitum
928 2481 1066 2525 suorum
1083 2461 1166 2524 fecit

217 2579 336 2623 omnes
364 2560 556 2626 oblationes
583 2561 669 2624 istas
699 2560 873 2642 colligere,
902 2568 1044 2643 propter
1071 2559 1164 2641 quod

217 2656 345 2722 sactum
370 2658 477 2722 frater
491 2659 669 2724 Walterus
692 2659 1003 2723 excommunicavit
1030 2677 1106 2720 eum
1129 2659 1164 2719 in

216 2757 358 2821 civitate
368 2756 689 2840 Hierosolymorum
705 2765 739 2821 et
752 2777 870 2821 omnes
886 2756 1053 2820 satellites
1071 2775 1164 2818 suos.

219 2855 322 2932 Item,
338 2856 373 2919 in
392 2856 447 2924 die
464 2856 663 2920 Palmarum
686 2855 930 2937 praedicatores
952 2855 995 2917 de
1017 2854 1165 2935 pulpito,

218 2956 277 3018 ubi
300 2955 548 3037 praedicabant,
574 2955 689 3019 viliter
711 2962 747 3017 et
769 2952 936 3017 violenter
958 2954 1039 3016 feeit
1064 2952 1164 3035 dejici

219 3061 253 3118 et
268 3054 454 3116 crudeliter
471 3054 612 3118 tractari
635 3062 671 3117 et
685 3053 903 3117 incarcerari.
956 3051 1058 3127 Item,
1077 3051 1167 3114 infra

219 3153 415 3236 passionem
433 3152 572 3216 Domini
589 3152 723 3216 obsedit
744 3151 975 3233 patriarcham
989 3158 1024 3215 et
1034 3151 1167 3232 episco-

219 3270 282 3333 pos
299 3251 575 3315 Wintoniensem
596 3259 631 3314 et
648 3251 878 3315 Exoniensem
902 3258 937 3314 et
952 3249 1168 3332 Templarios

221 3351 256 3413 in
272 3350 430 3413 domibus
447 3350 530 3426 suis,
552 3356 600 3424 et,
614 3369 691 3412 cum
709 3349 794 3413 vidit
811 3369 849 3411 se
866 3369 934 3413 uon
959 3369 1060 3431 posse
1082 3367 1169 3430 prae·

220 3449 348 3524 valere,
370 3449 533 3512 confusus
560 3448 701 3512 dimisit.
754 3447 822 3511 His
847 3448 954 3529 igitur
978 3448 1169 3521 decausis,

219 3546 301 3611 licet
312 3546 390 3610 aliae
406 3567 475 3610 non
489 3547 615 3623 desint,
628 3546 791 3629 quicquid
808 3546 880 3627 egit
893 3547 929 3608 in
945 3552 1037 3608 terra
1048 3553 1170 3608 sancta

221 3665 284 3727 pro
313 3645 421 3708 nihilo
449 3656 613 3728 reputans
638 3646 798 3709 domibus
825 3663 916 3727 papa
936 3643 1046 3706 movit
1068 3661 1171 3723 guer-

221 3763 295 3808 ram
319 3753 440 3807 contra
461 3746 587 3827 ipsum,
611 3762 770 3809 asserens
786 3743 921 3826 justum
943 3760 1019 3804 esse
1041 3751 1076 3804 et
1092 3739 1170 3802 fidei

222 3842 432 3908 Christianae
452 3844 695 3919 necessarium,
720 3849 848 3906 uttam
864 3840 998 3903 validus
1018 3839 1172 3902 ecelesiae

221 3949 424 4027 persecutor
451 3962 473 4006 a
494 3942 587 4006 fastu
616 3941 750 4025 imperii
775 3939 987 4022 depellatur;
1014 3945 1060 4013 et,
1081 3935 1174 4018 quod

222 4042 276 4104 his
311 4042 471 4105 omnihus
509 4041 748 4104 detestabilius
779 4047 844 4116 est,
877 4044 999 4102 contra
1030 4043 1174 4099 matrem

221 4160 320 4205 suam
343 4141 536 4205 Romanam
566 4140 745 4205 ecclesiam
777 4146 847 4204 tam
876 4157 1016 4222 gravem
1043 4135 1173 4201 excita-
