2978 4996
476 420 615 467 rueras
639 420 909 471 ursronmnun.
1105 412 1169 474 103

436 647 486 709 De
499 647 592 710 acilio
602 647 749 711 Falcaeii
758 650 944 732 proditores.

266 770 369 833 Circa
391 768 454 832 hos
472 789 610 851 quoque
628 771 714 846 dies,
733 771 864 835 Martio
886 773 1018 837 scilicet
1035 793 1300 855 mensale-12²⁵.

213 877 450 933 convenerunt
483 868 576 949 apud
601 869 948 934 westmonasterium
981 873 1024 934 ad
1058 844 1312 938 collo-diiiiin‘ei‘t

215 968 333 1049 quium
353 986 417 1029 rex
434 964 629 1047 Anglorum
652 987 728 1030 cum
756 971 974 1049 magnatibus
996 972 1081 1048 suis,
1105 974 1162 1036 ubi
1175 944 1324 1032 illiciti·

213 1065 305 1128 idem
333 1083 395 1126 rex
423 1064 531 1146 jussit
552 1066 805 1129 sententialiter
833 1066 990 1145 diffinire,
1013 1071 1095 1150 quid
1119 1071 1161 1134 de

214 1163 389 1246 proditore
404 1181 466 1225 suo
485 1163 645 1226 Falcasio
659 1163 748 1227 foret
764 1164 948 1245 agendum.
995 1166 1161 1231 Proceres

214 1282 296 1325 vero
320 1261 356 1323 iu
380 1260 446 1324 hoc
471 1262 602 1342 pariter
629 1271 876 1326 consenserunt
899 1282 976 1326 cum
1000 1284 1093 1345 rege,
1119 1287 1160 1330 eo

215 1359 307 1441 quod
333 1360 425 1439 patri
452 1379 515 1422 suo
547 1359 664 1423 multis
690 1360 837 1425 fideliter
860 1351 1159 1442 servierat‘annis,

214 1477 258 1520 ne
285 1457 328 1519 de
355 1457 429 1520 vita
453 1458 706 1539 periclitaretur
731 1459 786 1524 vel
819 1461 990 1536 membris,
1023 1461 1096 1538 sed,
1121 1471 1159 1526 ut

213 1554 379 1636 Angliam
410 1555 621 1619 aeternaliter
649 1556 837 1639 abjuraret,
864 1578 982 1621 ornnes
1008 1579 1158 1624 commu·

212 1655 303 1718 niter
333 1652 565 1732 addixerunt3
603 1673 672 1736 quo
699 1654 805 1732 facto,
838 1658 1002 1739 praecepit
1022 1658 1158 1722 Willel·

213 1772 269 1816 mo
296 1751 414 1815 comiti
438 1752 626 1814 Warennae
656 1771 730 1828 rex,
761 1760 799 1815 ut
824 1755 936 1835 ipsum
967 1756 1030 1817 sub
1060 1757 1158 1820 salvo

211 1851 257 1913 ad
289 1868 382 1912 mare
420 1849 627 1913 conduceret
659 1859 694 1913 et
723 1851 805 1913 navi
834 1852 1033 1932 impositum
1065 1874 1157 1917 com·

213 1950 366 2012 mitteret
385 1949 499 2011 ventis
518 1954 553 2011 et
574 1948 672 2011 velis.
726 1946 828 2024 Quod
855 1968 933 2011 cum
952 1949 1079 2012 factum
1108 1952 1157 2015 fu-

212 2048 309 2124 isset,
333 2045 414 2108 dum
439 2045 619 2109 Falcasius
641 2064 764 2108 navem
789 2046 1037 2127 ingrederetur,
1060 2048 1159 2131 adju-

210 2146 303 2208 ravit
344 2144 504 2207 comitem
544 2143 746 2225 praedictum
785 2162 863 2207 cum
900 2145 1087 2226 lachrymis
1119 2157 1158 2210 ut

211 2243 381 2307 salutaret
403 2241 577 2304 dominum
604 2261 703 2304 suum
730 2260 858 2323 regem,
886 2240 1058 2306 affirmans
1079 2263 1157 2307 cum

206 2341 415 2424 juramento,
438 2339 530 2421 quod
555 2340 843 2421 perturbationes,
869 2360 956 2423 quas
984 2342 1020 2403 in
1051 2361 1158 2423 regno

211 2439 352 2515 fecerat,
378 2439 544 2501 instinctu
572 2438 742 2520 majorum
770 2439 867 2520 regni
889 2438 1028 2521 Angliae
1050 2459 1088 2502 se
1111 2441 1160 2504 se-

212 2539 324 2615 cisse3
354 2536 473 2618 sicque
497 2555 575 2600 cum
598 2537 750 2618 quinque
771 2544 906 2600 tautum
929 2540 1158 2603 servientibus

212 2637 248 2699 iu
270 2636 305 2699 N
307 2635 521 2699 ormauniam
539 2641 770 2711 transvectus,
788 2635 967 2698 confestim
990 2644 1030 2699 ut
1046 2637 1157 2718 appli-

211 2735 284 2798 cuit
303 2752 325 2796 a
346 2724 513 2797 ministris
535 2733 628 2813 regis
653 2731 864 2795 Francorum
888 2727 1026 2814 ¹captus
1048 2741 1101 2796 est
1124 2741 1159 2798 et

211 2833 286 2913 regi
308 2831 473 2913 praedicto
493 2838 736 2912 praesentatus,
758 2830 831 2906 sed,
854 2831 1016 2911 quoniam
1037 2832 1157 2894 inven-

211 2937 269 2994 tus
303 2929 369 2993 fuit
398 2948 500 2992 cruce
532 2930 703 3009 signatus,
737 2928 940 2991 dimiserunt
970 2947 1060 3004 eum,
1099 2930 1158 3011 qui

210 3029 303 3091 illico
326 3028 473 3091 Romam
496 3027 671 3108 profectus
695 3033 759 3089 est.
811 3026 965 3090 Tandem
987 3046 1064 3090 cum
1085 3027 1158 3090 Ro·

209 3127 309 3191 berto
327 3124 557 3200 Passeleawe,
574 3125 699 3187 clerico
716 3143 792 3202 suo,
810 3145 910 3208 papae
927 3133 1158 3207 praesentatus

212 3233 277 3300 est,
294 3225 385 3287 sicut
400 3242 463 3286 suo
480 3222 557 3286 loco
572 3223 716 3286 dicetur.

292 3404 342 3466 De
358 3403 471 3466 aicium
487 3424 553 3487 quc
559 3402 686 3485 foreste
702 3400 920 3482 deufforeclari
934 3399 1070 3465 dedecet.

262 3526 391 3590 Eodem
422 3545 524 3602 anno,
555 3524 597 3587 ad
632 3543 784 3587 mensem
813 3523 855 3586 de
886 3523 1036 3600 Pascha,
1065 3525 1160 3588 missi
1172 3541 1295 3591 rra-pann

210 3633 293 3691 ΒΜ
309 3645 331 3688 ¹²
348 3644 429 3706 ‘⁰30
448 3622 586 3705 Angliae
606 3621 715 3703 H¹¹80
733 3622 775 3686 de
797 3621 939 3685 Navilla
960 3630 996 3686 et
1012 3622 1160 3685 Brienus
1172 3593 1284 3633 ‘'um''

211 3725 254 3788 de
282 3723 403 3787 Insula
424 3741 502 3785 cum
532 3722 609 3784 aliis
633 3720 676 3784 ad
705 3720 770 3784 hoc
796 3720 982 3800 assignatis
1005 3739 1065 3801 per
1087 3718 1161 3782 An·

210 3822 329 3904 gliam,
352 3820 448 3884 utin
470 3820 616 3901 siugulis
637 3819 843 3882 forestarum
868 3818 1054 3899 provinciis
1076 3818 1162 3879 duo-

209 3921 320 3984 decim
345 3918 484 3995 militeS,
507 3919 562 3983 vel
588 3918 687 3980 liberi
712 3916 868 3979 homiues
887 3922 922 3979 et
944 3915 1086 3996 legales,
1102 3915 1164 3977 eli·

243 4092 388 4158 lcaptae]
419 4093 461 4140 He
481 4106 536 4141 wau
555 4091 633 4141 taken
651 4093 677 4140 in
703 4092 778 4140 letter
787 4088 817 4138 ol
830 4090 871 4137 the
891 4083 980 4151 pope's
997 4089 1097 4152 legate3
1115 4089 1168 4150 Ry-

211 4164 364 4227 Burgundy,
380 4177 411 4213 aa
428 4163 448 4210 it
459 4176 569 4223 appears
586 4161 649 4211 from
662 4176 678 4210 a
704 4175 768 4222 mer,
779 4160 798 4208 i.
810 4173 837 4220 p.
850 4162 907 4208 lto.
