2978 4996
438 435 504 500 194
696 446 829 494 aocsnr
854 446 900 493 nn
923 444 1129 493 wannovsa

491 677 541 741 Da
556 677 654 762 siquis
663 672 903 759 procedentibus
916 675 997 739 hooc
1018 676 1239 740 restitutione-m
1253 684 1343 740 terra

853 784 975 839 monte.

281 912 337 953 Δυῠ
347 912 405 951 ¹²²⁹
494 900 695 964 Notandum
714 919 797 963 vero
819 900 925 963 estm
946 899 1131 963 baeterrae
1154 899 1393 979 promissionis

280 965 342 1010 ⁸¹8⁰·

279 1010 378 1099 ”iiim
372 1021 422 1107 ne
443 1008 478 1064 et
489 998 709 1063 Hierusalem
722 1006 851 1062 sanctae
864 1000 1016 1063 civitatis
1033 998 1251 1062 restitutione
1262 997 1392 1080 populo

279 1062 349 1199 53}
335 1071 390 1149 ιῖο
378 1109 411 1158 0¹5
445 1098 656 1173 Christiano,
673 1097 766 1179 quod
785 1097 875 1161 sicut
894 1106 975 1162 ante
998 1097 1063 1160 boc
1085 1097 1245 1178 generale
1270 1096 1392 1178 gaudi·

445 1218 501 1261 nm
523 1204 558 1261 et
573 1197 681 1260 totius
699 1196 973 1260 Christianitatis
991 1195 1178 1278 tripudium
1201 1196 1391 1259 astronomi

444 1295 630 1360 Tholetani
658 1296 868 1377 scripserunt
894 1297 937 1359 de
967 1297 1184 1379 planetarum
1219 1312 1390 1357 concursu

445 1403 480 1459 et
498 1402 678 1459 ventorum
698 1401 770 1457 tam
793 1394 1000 1460 horrendum
1020 1393 1200 1469 diluvium,
1222 1392 1274 1457 ita
1300 1392 1392 1474 qnod

445 1500 577 1556 starent
602 1493 705 1555 simul
736 1512 814 1556 cnm
842 1501 943 1558 terrae
974 1501 1070 1557 motu
1094 1500 1130 1555 et
1158 1491 1290 1573 eclipsi,
1319 1498 1389 1555 tam

444 1592 528 1654 solis
549 1610 652 1672 quam
678 1590 782 1668 lunae,
799 1592 895 1656 velut
914 1592 1019 1673 paulo
1040 1592 1199 1673 superius
1221 1591 1258 1653 in
1283 1591 1392 1671 gestis

445 1689 548 1773 buJus
572 1691 655 1753 anni
676 1691 843 1773 scriptum
864 1697 929 1766 est,
944 1691 1062 1754 eodem
1078 1690 1180 1754 modo
1198 1696 1279 1753 ante
1297 1689 1390 1772 ejus·

445 1789 520 1852 dem
544 1796 645 1853 terrae
676 1796 807 1853 sanctae
836 1798 872 1853 et
894 1790 1005 1854 crucis
1038 1789 1229 1853 Dominicae
1256 1789 1389 1869 captio-

445 1909 523 1952 nem
546 1908 567 1952 a
587 1888 786 1965 Salaadino,
804 1888 879 1952 viro
901 1888 1031 1971 perfido
1045 1896 1081 1952 et
1096 1894 1249 1962 cruento,
1267 1895 1303 1950 et
1321 1887 1392 1963 alii,

445 1989 504 2071 qni
536 1995 619 2053 tunc
650 1989 789 2051 fuerunt
816 1987 1005 2052 astronomi
1037 1987 1191 2070 ejusdem
1224 1986 1389 2062 civitatis,

445 2087 656 2170 scripserunt
672 2086 810 2151 domino
833 2106 935 2169 papae
959 2086 1128 2151 Clementi
1150 2084 1300 2148 subhac
1323 2086 1393 2147 for·

445 2206 523 2262 ma;
550 2184 631 2248 ‘Ab
658 2204 751 2248 anno
777 2187 957 2266 praesentis
979 2184 1226 2249 incarnationis
1250 2184 1391 2247 Domini

445 2285 555 2348 nostri
569 2283 591 2346 J
595 2302 656 2345 esu
669 2282 810 2359 Christi,
824 2285 884 2366 qui
901 2292 954 2348 est
968 2283 1170 2347 millesimus
1184 2284 1391 2347 centesimus

445 2382 720 2465 septuagesimus
748 2400 872 2459 nonus,
900 2400 1010 2465 usqne
1041 2383 1077 2446 in
1108 2390 1239 2463 septem
1269 2400 1393 2458 annos,

445 2500 562 2543 mense
580 2480 783 2562 Septembri,
799 2480 872 2546 sole
891 2483 1064 2546 existente
1085 2482 1121 2545 in
1139 2480 1246 2543 Libra
1261 2488 1296 2544 et
1311 2499 1391 2544 oau-

445 2580 491 2642 da
514 2579 696 2655 Draconis,
713 2581 790 2656 erit,
807 2580 838 2643 si
858 2581 955 2644 Dens
971 2581 1046 2662 pati
1061 2579 1222 2655 voluerit,
1241 2598 1393 2643 conven-

446 2680 495 2742 tio
518 2679 734 2760 planetarum
754 2679 788 2741 in
812 2678 918 2743 Libra
939 2688 974 2744 et
991 2679 1103 2742 cauda
1126 2678 1310 2754 Draconis,
1331 2677 1391 2741 sed

445 2784 497 2841 est
514 2777 723 2841 admirabilis
738 2796 808 2841 non
823 2778 1037 2842 mutabilium
1060 2796 1173 2840 rernm
1189 2777 1392 2840 mutationis

444 2876 687 2958 significantia.
732 2875 903 2959 Sequetur
917 2885 1018 2941 terrae
1034 2884 1149 2941 motus
1165 2875 1340 2952 terribilis,
1357 2883 1392 2939 et

444 2976 668 3039 destruentur
697 2976 774 3038 loca
805 2982 972 3039 consueta
1004 2974 1207 3057 perditionis
1236 2994 1300 3056 per
1328 2975 1391 3038 Sa-

445 3080 584 3137 turnum
608 3082 644 3136 ot
662 3073 824 3150 Mortem,
846 3083 1025 3138 manentes
1047 3074 1082 3136 in
1111 3074 1220 3155 signis
1248 3072 1337 3137 atris
1357 3082 1393 3137 et

445 3171 640 3236 mortalitas
657 3180 693 3236 et
705 3173 898 3237 infirmitas.
951 3173 1120 3237 Ostendet
1135 3174 1239 3237 etiam
1255 3191 1297 3236 ea
1313 3191 1393 3237 oon·

440 3270 576 3353 junctio
598 3279 737 3335 ventum
761 3272 926 3348 validum,
948 3272 1186 3354 denigrantem
1218 3290 1334 3335 aerem
1357 3279 1393 3334 et

445 3370 628 3433 obscurum
664 3370 872 3445 reddentem,
908 3372 1051 3435 venenis
1083 3371 1259 3446 infectum,
1291 3378 1328 3435 et
1355 3372 1393 3434 in

445 3476 549 3531 vento
582 3488 687 3534 sonus
714 3470 779 3533 erit
803 3470 965 3534 terribilis
994 3470 1174 3534 destruens
1199 3469 1305 3534 corda
1330 3469 1391 3534 bo-

445 3568 599 3646 minum;
636 3577 671 3632 et
705 3587 727 3631 a
759 3569 957 3650 regionibns
989 3570 1143 3634 arenosis
1176 3569 1393 3651 [sabulonem

444 3668 590 3749 accipiet
613 3675 648 3731 et
669 3666 799 3747 arenis]
827 3668 988 3733 civitates
1014 3670 1191 3751 proximas
1216 3667 1253 3730 in
1281 3667 1394 3750 plani·

445 3766 492 3828 tie
512 3766 598 3828 sitas
618 3765 804 3846 cooperiet,
826 3773 862 3831 et
883 3768 992 3849 primo
1015 3766 1176 3832 civitates
1198 3766 1341 3830 orientis
1360 3766 1393 3830 le

446 3863 562 3938 Meeb,
586 3864 798 3947 Babylonem
829 3873 864 3928 et
885 3886 1004 3929 omnes
1033 3867 1194 3929 civitates
1216 3866 1393 3947 proximas

444 3962 529 4025 locis
551 3964 726 4040 arenosis;
751 3962 848 4027 nulla
864 3964 1000 4046 quidem
1022 3964 1159 4040 evadet,
1179 3982 1258 4045 qnae
1279 3965 1393 4028 arenis

443 4067 479 4122 et
496 4067 589 4123 terra
615 4081 683 4124 non
711 4062 899 4143 operiatur.
951 4062 1059 4144 Signa
1082 4072 1198 4126 autem
1220 4061 1325 4145 hujus
1347 4064 1395 4126 rei

443 4157 517 4221 baec
540 4160 758 4239 praecedent3
787 4162 853 4225 erit
875 4162 911 4224 in
936 4161 1055 4226 eodem
1081 4180 1185 4238 anno,
1206 4168 1395 4243 antequam
