2978 4996
468 438 606 488 rsonae
630 440 899 491 uisroatanuu.
1095 430 1162 496 235

208 600 316 681 longo
347 617 413 662 usu
439 599 568 662 bestias
592 599 682 680 regis
710 598 837 663 furtive
868 602 986 665 venari
1017 621 1297 666 consue-a.n.12³2.

209 705 321 776 verat,
353 698 503 781 quadam
531 699 604 762 vice
632 699 845 780 interceptus
874 708 928 763 est
955 720 1032 765 cum
1055 722 1161 767 vena·
1175 672 1303 769 &diffidam

210 799 305 862 tione
334 799 451 861 furata
480 806 515 860 et
548 817 609 879 per
634 797 804 880 judicium
832 800 936 862 curiae
966 800 1075 882 ipsius
1108 821 1162 865 re·
1177 770 1297 811 mmm

211 898 266 979 gis
290 898 327 960 in
350 897 494 961 exilium
516 897 703 978 relegatus.
755 896 858 962 Hanc
876 899 967 961 enim
987 899 1098 980 legem
1121 901 1163 964 de

213 998 397 1061 venatione
420 995 513 1060 surto
539 996 679 1059 sublata
707 1014 770 1058 rex
794 996 853 1061 ille
878 998 1164 1063 clementissimus

212 1096 248 1159 in
276 1096 341 1160 boc
362 1097 580 1178 temperavit,
602 1095 789 1177 quodcum
808 1097 933 1179 [apud]
952 1117 1051 1180 reges
1069 1107 1163 1163 ante·

211 1214 365 1259 cessores
380 1195 465 1279 ejuS,
487 1195 517 1257 si
532 1193 677 1277 quilibet
699 1193 735 1256 in
758 1195 878 1259 fraude
895 1198 1089 1261 venationis
1104 1199 1164 1261 de·

213 1293 373 1377 prehensi
403 1295 563 1369 fuissent,
594 1295 803 1357 eruebantur
831 1296 921 1358 oculi
948 1316 1078 1373 eorum,
1105 1298 1165 1361 ab·

211 1393 458 1457 scindebantur
474 1392 597 1468 virilia,
613 1412 804 1475 manusque
819 1414 896 1458 cum
912 1396 1054 1476 pedibus
1070 1405 1163 1461 trun·

212 1493 403 1573 cabautur3
431 1491 492 1556 sed
515 1492 584 1556 tale
602 1491 771 1574 judicium
796 1486 870 1576 ¹pi0
894 1496 966 1576 regi
986 1495 1164 1559 Richardo

213 1591 327 1656 visum
342 1599 396 1656 est
412 1592 513 1655 nimis
535 1591 772 1668 inhumanum,
799 1599 838 1656 ut
853 1593 1008 1657 homines
1023 1595 1066 1658 ad
1081 1595 1163 1659 ima·

212 1691 327 1771 ginem
356 1691 423 1754 Dei
453 1691 571 1767 creati,
599 1710 661 1772 pro
693 1689 787 1767 feris,
816 1712 894 1773 quae
921 1693 1029 1776 juxta
1050 1694 1163 1774 legem

212 1790 405 1854 naturalem
422 1790 628 1872 generaliter
648 1791 807 1852 omnibus
820 1799 902 1854 sunt
917 1811 1103 1869 concessae,
1121 1794 1164 1857 de

213 1889 288 1953 vita
315 1889 369 1952 rel
391 1889 551 1953 membris
574 1888 863 1970 periclitarentur,
887 1898 926 1953 ut
946 1891 982 1953 id
1006 1891 1163 1955 faciendo

213 1987 294 2052 seris
319 2007 361 2052 ac
388 1989 508 2052 bestiis
534 1987 683 2051 deterior
713 1987 897 2051 videretur.
967 1988 1047 2052 Hoc
1072 1991 1163 2052 enim

214 2087 430 2150 solummodo
452 2085 643 2151 sufficiebat
658 2086 702 2163 ei,
717 2093 756 2150 ut
771 2086 916 2168 quilibet
929 2087 965 2149 in
983 2088 1044 2151 tali
1062 2088 1164 2170 culpa

214 2179 464 2268 deprehensus²
484 2185 540 2250 vel
559 2184 725 2266 AngIIam
745 2185 923 2269 abjuraret
947 2187 1001 2250 vel
1023 2205 1162 2269 poenam

212 2286 419 2350 carceralem
442 2285 584 2361 subiret,
606 2285 713 2348 salvis
733 2286 891 2350 omnibus
910 2287 985 2350 vita
1006 2295 1042 2351 et
1058 2306 1163 2350 mem-

214 2384 294 2448 bris.
350 2385 453 2448 Miles
475 2386 594 2467 igitur,
616 2391 656 2447 ut
679 2383 808 2448 dictum
831 2393 895 2463 est,
920 2387 1083 2450 exulatus
1105 2406 1163 2450 co·

215 2491 315 2548 aetus
338 2492 392 2549 est
413 2504 491 2548 cum
515 2502 623 2546 uxore
646 2492 681 2547 et
702 2484 820 2547 liberis
842 2501 966 2566 panem
988 2487 1079 2550 inter
1101 2506 1162 2550 ex·

215 2591 354 2648 traneos
381 2582 589 2659 mendicare,
616 2582 675 2664 qui
698 2584 794 2664 prius
818 2585 1001 2667 exquisitis
1031 2584 1163 2649 deliciis

213 2682 403 2747 fruebatur.
469 2682 624 2745 Tandem
642 2683 677 2744 in
693 2701 730 2745 se
744 2702 902 2747 reversus
918 2683 1016 2746 miles
1031 2685 1163 2765 cogita·

215 2782 303 2846 vita
325 2802 406 2863 rege
429 2782 696 2846 misericordiam
719 2780 915 2869 implorare,
937 2784 1031 2845 utin
1054 2781 1164 2845 haere·

215 2879 325 2944 ditate
353 2881 492 2945 sublata
517 2880 654 2944 restitui
678 2885 877 2955 mereretur,
901 2888 936 2944 et
957 2881 1098 2944 veniens
1120 2881 1163 2943 ad

215 2999 332 3062 regem
353 2981 388 3043 in
409 2979 626 3044 Normannia
647 2979 780 3043 invenit
799 2998 877 3041 eum
903 2999 1037 3042 summo
1063 2999 1164 3043 mane

215 3079 251 3142 in
267 3079 418 3160 quadam
435 3079 590 3155 ecclesia,
608 3086 648 3142 ut
663 3079 803 3142 missam
820 3077 964 3142 audiret.
1008 3079 1056 3143 Et
1066 3079 1163 3142 miles

216 3178 396 3242 eeclesiam
423 3185 571 3241 tremens
594 3177 749 3255 intravit,
771 3191 841 3241 non
862 3197 968 3242 ausus
992 3180 1027 3241 in
1047 3198 1163 3259 regem

215 3277 334 3341 oculos
349 3278 492 3358 erigere,
514 3278 608 3358 quia,
632 3296 710 3339 cum
730 3284 822 3340 esset
837 3279 913 3341 visu
930 3279 1029 3360 quasi
1052 3279 1163 3360 speci-

214 3377 394 3440 osissimus
423 3376 610 3452 bominum,
631 3377 838 3458 quandoque
864 3385 981 3441 tamen
1002 3377 1163 3443 terribilis

214 3476 417 3554 videbatur3
453 3484 489 3539 et
512 3483 593 3539 ante
614 3474 798 3556 imaginem
824 3475 1003 3552 Crucifixi,
1024 3496 1103 3558 quae
1127 3477 1163 3538 in

213 3575 359 3638 eeclesia
381 3581 467 3651 erat,
490 3594 528 3637 se
550 3572 728 3637 conferens
751 3583 786 3638 et
800 3575 1059 3655 genuflexiones
1085 3595 1162 3638 cum

212 3671 397 3755 lachrymis
412 3673 588 3736 multoties
605 3674 747 3749 iterans,
762 3672 973 3737 Crucifixum
989 3672 1164 3736 humiliter

216 3774 434 3853 precabatur,
457 3781 497 3836 ut
520 3792 581 3854 per
602 3772 807 3836 ineffabilem
828 3771 1045 3835 clementiam
1065 3791 1162 3835 suani

214 3873 363 3951 gratiam
375 3873 442 3935 sibi
453 3872 544 3953 regis
553 3872 820 3935 misericorditer
834 3871 1083 3949 reconciliaret,
1093 3892 1163 3953 qua

214 3969 449 4035 haereditatem
475 3980 693 4053 recuperaret
713 3972 886 4034 amissam.
939 3970 1018 4033 Rex
1034 3978 1163 4047 autem,

249 4139 335 4204 ¹Pia]
353 4143 384 4190 In
396 4143 453 4192 MS.
465 4138 544 4205 ‘pro'
702 4215 707 4224 1
737 4141 954 4262 {illsrprebeasan
976 4141 1163 4208 ‘Deprehensi'

701 4229 725 4261 ru
789 4249 795 4262 .
