2978 4996
465 461 605 510 rconns
629 461 899 511 nrsronranuu.
1092 446 1158 514 269

210 619 559 685 westmonasterium
577 618 701 702 quinto
719 617 797 682 idus
814 618 903 683 Julii
924 618 969 683 ad
988 620 1156 703 colloqui·
1171 629 1295 675 atr-'¹2³³-

208 737 279 794 nm,
295 725 330 781 et
345 718 393 781 ibi
416 737 478 799 per
499 736 616 781 eorum
643 717 824 780 consilium
843 717 1042 781 emendaret
1062 721 1158 801 quic·

209 817 292 901 quid
322 816 365 879 de
390 816 471 899 jure
500 822 645 878 noverat
676 816 928 896 corrigendum.
980 816 1048 879 Sed
1079 837 1157 880 cnm

208 914 386 980 audissent
404 921 585 995 magnates
609 914 758 994 praefati,
784 915 875 995 qnod
902 913 1070 995 paulatim
1096 934 1158 997 ap·

210 1013 405 1096 plicuerunt
428 1013 463 1074 in
478 1030 594 1092 >regno
623 1011 804 1092 praedones
834 1012 934 1076 multi
959 1032 1037 1076 cum
1061 1015 1158 1094 equis

209 1119 247 1176 et
267 1111 373 1175 armis
398 1128 420 1172 a
438 1128 519 1189 rege
538 1109 690 1185 invitati,
713 1129 790 1172 cum
816 1109 949 1173 nullum
967 1111 1063 1192 pacis
1087 1112 1159 1192 sig-

211 1228 293 1273 nnm
311 1208 490 1282 vidissent,
509 1208 776 1288 supersederunt
793 1209 837 1271 ad
857 1207 946 1270 diem
963 1209 1029 1272 sibi
1046 1215 1159 1273 statn-

211 1313 285 1371 tnm
299 1306 427 1382 venire,
449 1305 692 1368 denuntiantes
716 1306 789 1387 regi
811 1325 873 1388 per
890 1308 1030 1370 nuntios
1047 1307 1161 1370 solen·

212 1424 287 1481 nes,
300 1413 484 1485 quatenns,
498 1403 592 1466 omni
606 1402 772 1467 dilatione
785 1412 929 1480 remota,
943 1405 1083 1486 ejiceret
1094 1405 1159 1468 Pe

212 1501 602 1579 trum,Wint0niensem
624 1502 835 1583 episcopum,
865 1509 900 1565 et
917 1510 1062 1566 caeteros
1083 1503 1159 1567 Pic-

213 1608 373 1665 tavenses
390 1597 544 1664 decuria
566 1617 641 1674 sna,
665 1600 720 1661 sin
741 1608 869 1677 autem,
889 1601 956 1681 ipsi
977 1621 1095 1664 omnes
1118 1601 1160 1664 de

213 1699 385 1763 communi
402 1697 548 1761 consilio
565 1698 673 1760 totius
693 1698 790 1778 regni
812 1698 925 1778 ipsum
941 1718 1018 1762 cum
1034 1700 1161 1779 iniquis

212 1795 418 1862 consiliariis
442 1796 515 1858 suis
536 1814 558 1857 a
580 1813 686 1875 regno
710 1794 921 1876 depellerent
945 1805 981 1860 et
1005 1797 1048 1860 de
1072 1817 1161 1862 novo

214 1914 296 1977 rege
310 1894 459 1959 creando
477 1900 678 1957 tractarent.

245 2064 400 2146 Quocirca
414 2065 590 2150 superum
606 2065 752 2150 quosdam
768 2065 851 2129 viros
866 2062 978 2128 aediles
993 2063 1140 2127 aumas

265 2186 335 2251 His
355 2187 407 2251 ita
425 2188 544 2269 gestis,
562 2208 624 2251 rex
647 2189 760 2251 animo
783 2195 1022 2251 consternatus
1039 2194 1092 2250 est
1105 2206 1164 2249 ve·
1174 2211 1327 2262 masuras

215 2284 393 2349 hementer
410 2293 445 2349 et
462 2286 538 2367 ejus
560 2286 656 2350 curia
678 2295 765 2361 tota,
788 2286 922 2350 vultum
943 2286 1163 2350 demittentes
1175 2263 1308 2352 illibi:

214 2390 250 2448 et
265 2402 334 2446 non
355 2384 572 2448 mediocriter
597 2393 801 2461 metuentes,
819 2405 862 2448 ne
879 2385 975 2449 fieret
989 2405 1084 2449 error
1099 2384 1162 2448 lilii
1175 2363 1235 2412 Μ’

213 2482 325 2564 patris
349 2501 464 2546 errore
482 2482 642 2559 deterior,
665 2504 767 2565 quem
788 2483 943 2547 homines
963 2484 1018 2547 sui
1034 2484 1076 2547 de
1092 2483 1163 2547 las·

216 2577 303 2661 tigio
327 2581 425 2661 regni
452 2581 622 2662 deponere
648 2583 866 2663 satagebant.
919 2582 1019 2644 Tunc
1036 2580 1163 2645 Petrus

215 2678 445 2760 saepedictus
474 2680 657 2761 episcopus
688 2680 867 2744 consilinm
895 2680 969 2758 regi
993 2677 1099 2754 dedit,
1125 2687 1165 2742 ut

216 2793 313 2839 arma
337 2785 491 2841 moveret
513 2785 635 2841 contra
659 2778 803 2841 rebelles
827 2777 982 2840 hominos
1010 2794 1103 2852 suos,
1129 2784 1165 2839 et

216 2873 360 2938 castella
385 2875 569 2938 eorundem
597 2895 638 2939 ac
663 2883 772 2939 terras
796 2874 1060 2938 Pictavensibus
1083 2893 1164 2937 con·

217 2970 333 3048 serrat,
366 2972 425 3055 qui
451 2993 595 3054 regnum
620 2971 760 3055 Angliae
787 2992 808 3035 a
833 2973 905 3036 suis
933 2971 1165 3053 proditoribus

218 3074 408 3133 tuerentur.
461 3070 541 3135 Rex
557 3078 672 3135 antem
688 3071 843 3154 inprimis
862 3071 948 3134 iram
964 3077 1166 3151 conceptam

218 3166 254 3230 in
271 3166 487 3233 Gilebertnm
504 3169 642 3245 Basset,
654 3170 765 3233 virum
784 3170 944 3246 nobilem,
964 3176 1167 3251 retorquens

220 3260 398 3347 spoliavit¹
418 3285 496 3329 enm
513 3267 700 3349 aquodam
722 3269 886 3344 manerio,
906 3268 997 3350 quod
1014 3288 1059 3330 ex
1077 3268 1168 3331 dono

220 3361 392 3427 Johannis
414 3365 506 3446 regis
526 3374 729 3448 acceperat3
753 3367 910 3449 quicum
932 3387 954 3430 a
976 3386 1056 3447 rege
1076 3366 1168 3447 quod

216 3459 392 3543 jussuum
409 3469 485 3527 erat
501 3471 682 3546 repeteret,
696 3465 836 3530 vocavit
853 3485 930 3529 enm
948 3465 1169 3546 proditorem,

222 3559 447 3637 comminans,
458 3561 564 3642 quod,
576 3562 643 3625 nisi
657 3581 679 3626 a
696 3564 793 3626 curia
808 3582 873 3626 sua
889 3562 1075 3636 recederet,
1092 3579 1168 3623 sus-

219 3656 345 3738 pendio
364 3657 569 3724 traderetur.
623 3660 836 3725 Richardum
858 3678 997 3742 qnoque
1016 3652 1170 3733 ²Sinard,

257 3841 394 3908 ¹Spoliueit
411 3845 486 3909 eum]
503 3845 632 3896 ‘Sathena
644 3846 683 3894 ia·
709 3847 818 3908 siward,
828 3847 877 3894 and
895 3846 927 3895 be
943 3846 966 3894 is
985 3844 1128 3906 sospolum
1145 3843 1175 3893 ol

221 3914 343 3975 bricante,
427 3916 514 3964 ordIne
529 3915 596 3978 juris
618 3930 684 3977 prae-
709 3915 736 3963 in
752 3914 794 3963 the
811 3914 905 3963 Chron.
923 3914 1017 3963 Dunst.
1034 3915 1060 3961 in
1076 3913 1173 3962 certain

221 3983 346 4044 terruisse,
367 3982 399 4031 de
421 3985 526 4033 romilio
549 3984 686 4033 Pictaven·
710 3997 841 4045 passages.
884 3982 938 4031 'Ibe
959 3982 1022 4044 king
1044 3996 1108 4043 gave
1132 3981 1172 4029 his

221 4052 286 4100 sium
294 4051 313 4109 ;'
329 4052 423 4102 Chron.
433 4053 527 4103 Dnnst.
539 4067 565 4113 p.
578 4055 634 4102 ²18.
710 4052 784 4100 lande
805 4051 856 4100 and
877 4051 949 4100 those
976 4051 1005 4099 of
1029 4051 1121 4099 Basset
1146 4055 1173 4098 to

712 4122 790 4170 Peter
797 4120 829 4169 de
838 4121 964 4169 Rivaulx:
981 4120 1080 4183 Wilres,
1091 4136 1117 4182 p.
1126 4123 1172 4179 425

258 4184 388 4255 ’Sisard.]
401 4189 491 4239 Wikes
500 4190 554 4239 also
563 4190 626 4240 calle
634 4189 687 4239 blm
713 4191 808 4240 Annei.
816 4190 929 4241 Waverl.
940 4205 966 4251 p.
977 4193 1032 4240 leo.
