2978 4996
268 418 333 484 314
526 435 658 483 noorai
684 436 731 484 un
753 435 962 485 wnunovna

107 605 230 646 tib-¹²³⁴·
268 612 347 655 cum
370 611 439 655 non
461 593 617 657 decebat.
670 592 753 656 Fuit
770 601 885 657 autem
912 594 947 657 in
970 595 1058 658 turri
1084 595 1223 658 Londo-

270 692 402 754 niarum
433 691 488 754 die
517 692 619 755 Jovis
650 699 686 758 et
719 693 879 774 sequenti
909 692 965 756 die
996 693 1158 771 veneris,
1188 702 1225 758 et

270 797 352 853 tunc
388 791 432 852 ab
465 789 722 873 archiepiscopo
758 791 924 854 liberatus
960 793 1053 874 apud
1085 793 1223 858 Winto·

270 889 362 952 niam
396 888 583 970 perductus
618 896 671 955 est
705 897 740 953 et
774 890 811 952 in
848 890 995 955 ecclesia
1029 891 1223 956 cathedrali

269 986 441 1054 dimissus.

314 1160 403 1241 Quod
419 1161 594 1245 Stephanus
608 1159 646 1224 de
660 1161 793 1247 deprava
809 1159 963 1246 apparuit
976 1181 1081 1225 corum
1098 1181 1176 1246 rope.

131 1304 199 1382 ‘mi'
223 1305 236 1333 ο
319 1282 494 1365 Apparuit
512 1293 627 1348 autem
647 1283 765 1348 eodem
784 1283 841 1346 die
861 1283 898 1351 iu
920 1284 1012 1364 regis
1033 1286 1223 1364 praeseutia

107 1403 221 1481 ¹¹:52³„
269 1382 464 1464 Stephanus
488 1383 531 1445 de
562 1382 726 1462 Segrave,
752 1381 891 1446 veniens
920 1383 983 1445 sub
1006 1382 1222 1463 protectione

133 1503 167 1531 n·
269 1480 530 1562 archiepiscopi,
565 1480 607 1543 de
641 1481 743 1544 rebus
774 1481 841 1545 sihi
874 1481 1045 1563 impositis
1077 1500 1222 1564 respon-

269 1596 393 1656 surus3
425 1580 485 1659 qui
513 1598 590 1642 cum
621 1586 730 1643 staret
760 1581 795 1642 in
825 1574 959 1662 judicio
982 1579 1055 1660 juri
1083 1581 1219 1661 paritu-

269 1697 340 1752 rus,
363 1678 557 1760 increpavit
583 1697 661 1743 eum
683 1697 746 1742 rex
768 1679 832 1741 suh
855 1679 992 1741 nomine
1017 1679 1220 1760 nequissimi

269 1776 455 1857 proditoris
486 1776 529 1839 de
560 1777 717 1840 omnihus
750 1777 916 1853 articulis,
949 1777 1075 1859 quihus
1107 1777 1220 1841 incre-

269 1883 415 1958 paverat
444 1875 585 1939 Petrum
618 1874 660 1938 de
690 1874 851 1951 Rivallis,
877 1875 943 1939 hoc
968 1876 1072 1939 etiam
1098 1875 1221 1959 adjici-

269 1995 343 2051 ens,
367 1974 459 2057 quod
482 1975 664 2038 consilium
684 1973 827 2037 dederat
844 1973 886 2050 ei,
904 1982 942 2038 ut
959 1974 1158 2038 Hubertum
1174 1975 1218 2039 de

272 2075 391 2154 Burgo
414 2075 458 2136 ab
481 2072 591 2139 officio
606 2073 794 2155 justiciarii
817 2083 1005 2150 amoveret,
1025 2074 1218 2138 incarcera-

271 2180 337 2249 ret,
351 2171 507 2253 patibulo
520 2171 756 2252 suspenderet,
779 2178 814 2235 et
829 2171 962 2235 nobiles
977 2170 1020 2236 de
1033 2191 1143 2252 regno
1158 2172 1219 2238 ho-

271 2271 380 2333 mines
400 2269 569 2333 exularet.
628 2267 785 2352 Cumque
808 2269 882 2333 haec
903 2278 938 2334 et
960 2270 1030 2334 alia
1051 2271 1163 2334 multa
1184 2273 1217 2336 ai

268 2368 489 2448 imposuisset
503 2368 649 2449 flagitia,
670 2369 788 2450 exegit
811 2369 854 2431 ab
876 2388 918 2432 eo
938 2368 1157 2433 ratiocinium
1173 2371 1217 2436 ab

268 2465 378 2531 officio
403 2466 601 2548 justiciarii,
631 2468 724 2549 quod
752 2468 817 2531 sub
843 2486 885 2531 eo
912 2466 1216 2533 administraverat

268 2572 348 2648 post
377 2564 575 2630 Hubertum
604 2565 646 2629 de
678 2566 812 2647 Burgo,
840 2565 884 2628 de
912 2566 1015 2629 rebus
1043 2569 1217 2649 perceptis

268 2665 397 2747 puriter
417 2672 453 2728 et
466 2666 641 2746 expensis.
701 2664 813 2747 Super
831 2663 884 2731 his
908 2672 1023 2730 autem
1045 2665 1216 2748 archicpi-

267 2783 393 2845 scopus
415 2771 450 2827 et
470 2764 609 2845 quidam
632 2763 785 2844 episcopi
807 2763 1035 2845 impetrarunt
1056 2765 1216 2829 inducias

267 2883 289 2927 a
309 2881 519 2943 regensque
541 2862 584 2925 ad
609 2862 734 2927 festum
757 2863 870 2926 sancti
889 2861 1083 2940 Michaelis,
1101 2871 1142 2926 ut
1158 2863 1217 2928 de-

266 2961 434 3026 liberandi
467 2969 600 3042 tempus
631 2960 783 3025 haberet.
844 2961 897 3026 De
926 2961 1043 3043 pravis
1074 2980 1215 3044 quoque

266 3060 418 3125 consiliis
433 3059 499 3122 sihi
514 3060 694 3142 imputatis
716 3060 781 3125 hoc
802 3060 876 3141 regi
898 3059 1087 3141 respondit,
1108 3061 1215 3142 quod,

265 3179 343 3224 cum
367 3158 483 3240 plures
500 3158 642 3225 haberet
658 3158 884 3234 consiliarios
908 3157 998 3240 quod
1020 3159 1111 3222 male
1135 3179 1215 3241 ges-

266 3267 337 3320 tum
364 3255 478 3320 fuerat
500 3259 566 3320 sihi
594 3257 659 3321 soli
684 3275 752 3320 uon
778 3256 896 3320 debuit
917 3256 1092 3339 imputari.
1144 3257 1214 3322 Ro-

264 3357 381 3419 bertus
396 3375 479 3418 vero
497 3355 705 3432 Passelewe,
724 3356 784 3437 qui
806 3362 887 3436 post
903 3354 1099 3421 Walterum
1117 3355 1213 3422 Kar·

263 3454 448 3518 leolensem
472 3447 635 3517 ¹0fficium
664 3452 870 3519 thesaurarii
898 3453 1215 3534 administraverat,

263 3554 443 3619 abscondit
458 3572 496 3617 se
513 3571 576 3616 nec
596 3560 752 3635 repertus
768 3552 833 3616 suit
850 3571 873 3615 a
887 3553 1123 3635 quaerentibus
1140 3555 1215 3619 ani-

263 3673 353 3717 mam
368 3673 456 3737 ejus.

300 3851 430 3921 'Officium
447 3846 620 3920 thesaurarit]
643 3851 723 3914 Hugh
747 3852 780 3900 dc
792 3851 950 3912 Pateshulle,
960 3865 1016 3901 was
1032 3855 1172 3915 appointed
1188 3863 1215 3907 to

262 3924 294 3972 de
301 3921 621 3987 Pateshulle,clerlr‚souof
623 3922 724 3972 Simeon
748 3921 857 3971 succeed
868 3921 920 3969 him
931 3921 957 3970 in
968 3921 1011 3970 the
1022 3922 1108 3985 office;
1127 3925 1213 3978 Paris.
