<?xml version="1.0" encoding="UTF-8"?>
<!DOCTYPE html PUBLIC "-//W3C//DTD XHTML 1.0 Transitional//EN"
    "http://www.w3.org/TR/xhtml1/DTD/xhtml1-transitional.dtd">
<html xmlns="http://www.w3.org/1999/xhtml" xml:lang="en" lang="en">
 <head>
  <title>
</title>
<meta http-equiv="Content-Type" content="text/html;charset=utf-8" />
  <meta name='ocr-system' content='tesseract 3.04.00' />
  <meta name='ocr-capabilities' content='ocr_page ocr_carea ocr_par ocr_line ocrx_word'/>
</head>
<body>
  <div class='ocr_page' id='page_1' title='image "./rogeridewendove02rogegoog_0247.png"; bbox 0 0 2978 4996; ppageno 0'>
   <div class='ocr_carea' id='block_1_1' title="bbox 371 446 1061 513">
    <p class='ocr_par' dir='ltr' id='par_1_1' title="bbox 371 446 1061 513">
     <span class='ocr_line' id='line_1_1' title="bbox 371 446 1061 513; baseline -0.004 0"><span class='ocrx_word' id='word_1_1' title='bbox 371 446 438 513; x_wconf 75' lang='lat'><strong>236</strong></span> <span class='ocrx_word' id='word_1_2' title='bbox 625 462 759 510; x_wconf 77' lang='lat' dir='ltr'><strong>nocem</strong></span> <span class='ocrx_word' id='word_1_3' title='bbox 783 462 830 509; x_wconf 82' lang='lat' dir='ltr'><strong>ns</strong></span> <span class='ocrx_word' id='word_1_4' title='bbox 853 460 1061 510; x_wconf 74' lang='lat' dir='ltr'><strong>wranovnn</strong></span> 
     </span>
    </p>
   </div>
   <div class='ocr_carea' id='block_1_2' title="bbox 212 618 1329 796">
    <p class='ocr_par' dir='ltr' id='par_1_2' title="bbox 212 618 1329 796">
     <span class='ocr_line' id='line_1_2' title="bbox 213 618 1329 707; baseline 0.009 -29"><span class='ocrx_word' id='word_1_5' title='bbox 213 638 336 678; x_wconf 58' lang='lat' dir='ltr'><strong>namra.</strong></span> <span class='ocrx_word' id='word_1_6' title='bbox 374 621 516 685; x_wconf 91' lang='lat' dir='ltr'><strong>militem</strong></span> <span class='ocrx_word' id='word_1_7' title='bbox 537 619 676 683; x_wconf 88' lang='lat' dir='ltr'><strong>intuens</strong></span> <span class='ocrx_word' id='word_1_8' title='bbox 696 618 844 682; x_wconf 80' lang='lat' dir='ltr'><strong>sollicite</strong></span> <span class='ocrx_word' id='word_1_9' title='bbox 860 631 1016 683; x_wconf 88' lang='lat' dir='ltr'><strong>orantem</strong></span> <span class='ocrx_word' id='word_1_10' title='bbox 1040 640 1118 683; x_wconf 89' lang='lat' dir='ltr'><strong>cum</strong></span> <span class='ocrx_word' id='word_1_11' title='bbox 1138 620 1329 707; x_wconf 84' lang='lat' dir='ltr'><strong>lachrymis</strong></span> 
     </span>
     <span class='ocr_line' id='line_1_3' title="bbox 212 689 1329 796; baseline 0.002 -11"><span class='ocrx_word' id='word_1_12' title='bbox 212 689 342 786; x_wconf 44' lang='lat' dir='ltr'><strong>lviiidie</strong></span> <span class='ocrx_word' id='word_1_13' title='bbox 374 727 409 784; x_wconf 88' lang='lat' dir='ltr'><strong>et</strong></span> <span class='ocrx_word' id='word_1_14' title='bbox 432 720 614 783; x_wconf 88' lang='lat' dir='ltr'><strong>devotione</strong></span> <span class='ocrx_word' id='word_1_15' title='bbox 642 738 711 781; x_wconf 92' lang='lat' dir='ltr'><strong>non</strong></span> <span class='ocrx_word' id='word_1_16' title='bbox 738 718 832 796; x_wconf 90' lang='lat' dir='ltr'><strong>ficta,</strong></span> <span class='ocrx_word' id='word_1_17' title='bbox 855 717 943 782; x_wconf 88' lang='lat' dir='ltr'><strong>vidit</strong></span> <span class='ocrx_word' id='word_1_18' title='bbox 972 719 1015 781; x_wconf 96' lang='lat' dir='ltr'><strong>de</strong></span> <span class='ocrx_word' id='word_1_19' title='bbox 1042 719 1102 783; x_wconf 92' lang='lat' dir='ltr'><strong>illo</strong></span> <span class='ocrx_word' id='word_1_20' title='bbox 1126 741 1198 784; x_wconf 91' lang='lat' dir='ltr'><strong>rem</strong></span> <span class='ocrx_word' id='word_1_21' title='bbox 1222 725 1329 788; x_wconf 91' lang='lat' dir='ltr'><strong>mira·</strong></span> 
     </span>
    </p>
   </div>
   <div class='ocr_carea' id='block_1_3' title="bbox 213 787 1399 2779">
    <p class='ocr_par' dir='ltr' id='par_1_3' title="bbox 213 787 1399 2779">
     <span class='ocr_line' id='line_1_4' title="bbox 213 787 1328 902; baseline 0.005 -21"><span class='ocrx_word' id='word_1_22' title='bbox 213 787 334 828; x_wconf 56' lang='lat' dir='ltr'><strong>mm</strong></span> <span class='ocrx_word' id='word_1_23' title='bbox 374 819 477 883; x_wconf 87' lang='lat' dir='ltr'><strong>bilem</strong></span> <span class='ocrx_word' id='word_1_24' title='bbox 495 827 530 882; x_wconf 90' lang='lat' dir='ltr'><strong>et</strong></span> <span class='ocrx_word' id='word_1_25' title='bbox 549 817 715 881; x_wconf 83' lang='lat' dir='ltr'><strong>relatione</strong></span> <span class='ocrx_word' id='word_1_26' title='bbox 738 816 968 900; x_wconf 81' lang='lat' dir='ltr'><strong>condignam3</strong></span> <span class='ocrx_word' id='word_1_27' title='bbox 997 837 1077 882; x_wconf 88' lang='lat' dir='ltr'><strong>nam</strong></span> <span class='ocrx_word' id='word_1_28' title='bbox 1102 822 1328 902; x_wconf 85' lang='lat' dir='ltr'><strong>quotiescun·</strong></span> 
     </span>
     <span class='ocr_line' id='line_1_5' title="bbox 375 916 1328 1000; baseline 0.004 -18"><span class='ocrx_word' id='word_1_29' title='bbox 375 939 441 1000; x_wconf 84' lang='lat' dir='ltr'><strong>quo</strong></span> <span class='ocrx_word' id='word_1_30' title='bbox 469 918 579 994; x_wconf 90' lang='lat' dir='ltr'><strong>miles,</strong></span> <span class='ocrx_word' id='word_1_31' title='bbox 608 936 709 999; x_wconf 89' lang='lat' dir='ltr'><strong>quem</strong></span> <span class='ocrx_word' id='word_1_32' title='bbox 743 916 786 979; x_wconf 89' lang='lat' dir='ltr'><strong>de</strong></span> <span class='ocrx_word' id='word_1_33' title='bbox 813 917 944 980; x_wconf 85' lang='lat' dir='ltr'><strong>familia</strong></span> <span class='ocrx_word' id='word_1_34' title='bbox 975 936 1040 981; x_wconf 90' lang='lat' dir='ltr'><strong>sua</strong></span> <span class='ocrx_word' id='word_1_35' title='bbox 1067 938 1138 982; x_wconf 91' lang='lat' dir='ltr'><strong>non</strong></span> <span class='ocrx_word' id='word_1_36' title='bbox 1163 940 1241 984; x_wconf 87' lang='lat' dir='ltr'><strong>esse</strong></span> <span class='ocrx_word' id='word_1_37' title='bbox 1267 923 1328 986; x_wconf 92' lang='lat' dir='ltr'><strong>de·</strong></span> 
     </span>
     <span class='ocr_line' id='line_1_6' title="bbox 374 1014 1328 1100; baseline 0.006 -21"><span class='ocrx_word' id='word_1_38' title='bbox 374 1018 566 1100; x_wconf 84' lang='lat' dir='ltr'><strong>prehendit,</strong></span> <span class='ocrx_word' id='word_1_39' title='bbox 590 1034 705 1098; x_wconf 85' lang='lat' dir='ltr'><strong>genua</strong></span> <span class='ocrx_word' id='word_1_40' title='bbox 733 1014 843 1092; x_wconf 87' lang='lat' dir='ltr'><strong>flexit,</strong></span> <span class='ocrx_word' id='word_1_41' title='bbox 872 1024 912 1079; x_wconf 94' lang='lat' dir='ltr'><strong>ut</strong></span> <span class='ocrx_word' id='word_1_42' title='bbox 935 1017 1121 1097; x_wconf 81' lang='lat' dir='ltr'><strong>imaginem</strong></span> <span class='ocrx_word' id='word_1_43' title='bbox 1152 1021 1328 1099; x_wconf 90' lang='lat' dir='ltr'><strong>adoraret,</strong></span> 
     </span>
     <span class='ocr_line' id='line_1_7' title="bbox 374 1113 1327 1204; baseline 0.005 -25"><span class='ocrx_word' id='word_1_44' title='bbox 374 1118 489 1199; x_wconf 87' lang='lat' dir='ltr'><strong>imago</strong></span> <span class='ocrx_word' id='word_1_45' title='bbox 512 1123 674 1180; x_wconf 90' lang='lat' dir='ltr'><strong>econtra</strong></span> <span class='ocrx_word' id='word_1_46' title='bbox 703 1113 869 1179; x_wconf 79' lang='lat' dir='ltr'><strong>crucifixi</strong></span> <span class='ocrx_word' id='word_1_47' title='bbox 893 1114 935 1177; x_wconf 90' lang='lat' dir='ltr'><strong>ad</strong></span> <span class='ocrx_word' id='word_1_48' title='bbox 959 1115 1222 1196; x_wconf 86' lang='lat' dir='ltr'><strong>genuflexiones</strong></span> <span class='ocrx_word' id='word_1_49' title='bbox 1249 1121 1327 1204; x_wconf 88' lang='lat' dir='ltr'><strong>ejus</strong></span> 
     </span>
     <span class='ocr_line' id='line_1_8' title="bbox 375 1212 1327 1299; baseline 0.004 -19"><span class='ocrx_word' id='word_1_50' title='bbox 375 1224 480 1299; x_wconf 90' lang='lat' dir='ltr'><strong>caput</strong></span> <span class='ocrx_word' id='word_1_51' title='bbox 513 1223 547 1278; x_wconf 92' lang='lat' dir='ltr'><strong>et</strong></span> <span class='ocrx_word' id='word_1_52' title='bbox 577 1214 703 1279; x_wconf 91' lang='lat' dir='ltr'><strong>collum</strong></span> <span class='ocrx_word' id='word_1_53' title='bbox 734 1214 821 1277; x_wconf 90' lang='lat' dir='ltr'><strong>satis</strong></span> <span class='ocrx_word' id='word_1_54' title='bbox 854 1212 1029 1279; x_wconf 91' lang='lat' dir='ltr'><strong>humiliter</strong></span> <span class='ocrx_word' id='word_1_55' title='bbox 1061 1216 1257 1296; x_wconf 89' lang='lat' dir='ltr'><strong>inclinavit,</strong></span> <span class='ocrx_word' id='word_1_56' title='bbox 1291 1227 1327 1284; x_wconf 86' lang='lat' dir='ltr'><strong>et</strong></span> 
     </span>
     <span class='ocr_line' id='line_1_9' title="bbox 373 1313 1327 1398; baseline 0.006 -21"><span class='ocrx_word' id='word_1_57' title='bbox 373 1336 489 1398; x_wconf 87' lang='lat' dir='ltr'><strong>regem</strong></span> <span class='ocrx_word' id='word_1_58' title='bbox 518 1313 583 1378; x_wconf 94' lang='lat' dir='ltr'><strong>hoc</strong></span> <span class='ocrx_word' id='word_1_59' title='bbox 615 1333 693 1376; x_wconf 93' lang='lat' dir='ltr'><strong>cum</strong></span> <span class='ocrx_word' id='word_1_60' title='bbox 726 1321 867 1394; x_wconf 91' lang='lat' dir='ltr'><strong>stupore</strong></span> <span class='ocrx_word' id='word_1_61' title='bbox 905 1315 1033 1396; x_wconf 86' lang='lat' dir='ltr'><strong>saepius</strong></span> <span class='ocrx_word' id='word_1_62' title='bbox 1064 1317 1327 1398; x_wconf 84' lang='lat' dir='ltr'><strong>conspicantem</strong></span> 
     </span>
     <span class='ocr_line' id='line_1_10' title="bbox 373 1412 1399 1494; baseline 0.006 -18"><span class='ocrx_word' id='word_1_63' title='bbox 373 1415 406 1477; x_wconf 90' lang='lat' dir='ltr'><strong>in</strong></span> <span class='ocrx_word' id='word_1_64' title='bbox 432 1413 692 1478; x_wconf 86' lang='lat' dir='ltr'><strong>admirationem</strong></span> <span class='ocrx_word' id='word_1_65' title='bbox 711 1412 908 1477; x_wconf 81' lang='lat' dir='ltr'><strong>commovit.</strong></span> <span class='ocrx_word' id='word_1_66' title='bbox 961 1412 1041 1477; x_wconf 84' lang='lat' dir='ltr'><strong>Rex</strong></span> <span class='ocrx_word' id='word_1_67' title='bbox 1059 1422 1174 1478; x_wconf 90' lang='lat' dir='ltr'><strong>autem</strong></span> <span class='ocrx_word' id='word_1_68' title='bbox 1190 1419 1326 1494; x_wconf 90' lang='lat' dir='ltr'><strong>statim,</strong></span> <span class='ocrx_word' id='word_1_69' title='bbox 1396 1437 1399 1441; x_wconf 91' lang='grc'><em>·</em></span> 
     </span>
     <span class='ocr_line' id='line_1_11' title="bbox 373 1511 1326 1593; baseline 0.004 -17"><span class='ocrx_word' id='word_1_70' title='bbox 373 1512 484 1576; x_wconf 91' lang='lat' dir='ltr'><strong>officio</strong></span> <span class='ocrx_word' id='word_1_71' title='bbox 515 1513 630 1575; x_wconf 88' lang='lat' dir='ltr'><strong>missae</strong></span> <span class='ocrx_word' id='word_1_72' title='bbox 652 1511 834 1593; x_wconf 90' lang='lat' dir='ltr'><strong>completo,</strong></span> <span class='ocrx_word' id='word_1_73' title='bbox 867 1511 949 1575; x_wconf 81' lang='lat' dir='ltr'><strong>lecit</strong></span> <span class='ocrx_word' id='word_1_74' title='bbox 981 1514 1124 1577; x_wconf 91' lang='lat' dir='ltr'><strong>militem</strong></span> <span class='ocrx_word' id='word_1_75' title='bbox 1148 1515 1192 1578; x_wconf 90' lang='lat' dir='ltr'><strong>ad</strong></span> <span class='ocrx_word' id='word_1_76' title='bbox 1224 1536 1326 1581; x_wconf 90' lang='lat' dir='ltr'><strong>snum</strong></span> 
     </span>
     <span class='ocr_line' id='line_1_12' title="bbox 373 1602 1328 1693; baseline 0.007 -19"><span class='ocrx_word' id='word_1_77' title='bbox 373 1612 533 1675; x_wconf 88' lang='lat' dir='ltr'><strong>accersiri</strong></span> <span class='ocrx_word' id='word_1_78' title='bbox 564 1611 786 1693; x_wconf 88' lang='lat' dir='ltr'><strong>colloquium,</strong></span> <span class='ocrx_word' id='word_1_79' title='bbox 809 1602 849 1675; x_wconf 81' lang='lat' dir='ltr'><strong>&#39;et</strong></span> <span class='ocrx_word' id='word_1_80' title='bbox 874 1611 1059 1692; x_wconf 87' lang='lat' dir='ltr'><strong>diligenter</strong></span> <span class='ocrx_word' id='word_1_81' title='bbox 1080 1613 1328 1680; x_wconf 84' lang='lat' dir='ltr'><strong>sciscitabatur</strong></span> 
     </span>
     <span class='ocr_line' id='line_1_13' title="bbox 374 1709 1324 1792; baseline 0.007 -18"><span class='ocrx_word' id='word_1_82' title='bbox 374 1712 418 1774; x_wconf 95' lang='lat' dir='ltr'><strong>ab</strong></span> <span class='ocrx_word' id='word_1_83' title='bbox 440 1731 480 1774; x_wconf 88' lang='lat' dir='ltr'><strong>eo</strong></span> <span class='ocrx_word' id='word_1_84' title='bbox 503 1711 581 1792; x_wconf 88' lang='lat' dir='ltr'><strong>quis</strong></span> <span class='ocrx_word' id='word_1_85' title='bbox 603 1718 638 1774; x_wconf 89' lang='lat' dir='ltr'><strong>et</strong></span> <span class='ocrx_word' id='word_1_86' title='bbox 653 1711 745 1773; x_wconf 92' lang='lat' dir='ltr'><strong>unde</strong></span> <span class='ocrx_word' id='word_1_87' title='bbox 760 1709 893 1773; x_wconf 83' lang='lat' dir='ltr'><strong>suisset.</strong></span> <span class='ocrx_word' id='word_1_88' title='bbox 945 1709 996 1775; x_wconf 87' lang='lat' dir='ltr'><strong>At</strong></span> <span class='ocrx_word' id='word_1_89' title='bbox 1017 1712 1076 1774; x_wconf 96' lang='lat' dir='ltr'><strong>ille</strong></span> <span class='ocrx_word' id='word_1_90' title='bbox 1098 1732 1175 1776; x_wconf 91' lang='lat' dir='ltr'><strong>cum</strong></span> <span class='ocrx_word' id='word_1_91' title='bbox 1200 1715 1324 1781; x_wconf 87' lang='lat' dir='ltr'><strong>timore</strong></span> 
     </span>
     <span class='ocr_line' id='line_1_14' title="bbox 373 1809 1326 1894; baseline 0.008 -22"><span class='ocrx_word' id='word_1_92' title='bbox 373 1811 447 1891; x_wconf 89' lang='lat' dir='ltr'><strong>regi</strong></span> <span class='ocrx_word' id='word_1_93' title='bbox 470 1809 681 1892; x_wconf 88' lang='lat' dir='ltr'><strong>respondens</strong></span> <span class='ocrx_word' id='word_1_94' title='bbox 708 1809 809 1886; x_wconf 85' lang='lat' dir='ltr'><strong>dixit,</strong></span> <span class='ocrx_word' id='word_1_95' title='bbox 833 1809 1028 1887; x_wconf 68' lang='lat' dir='ltr'><strong>‘Domina&#39;</strong></span> <span class='ocrx_word' id='word_1_96' title='bbox 1050 1811 1174 1894; x_wconf 92' lang='lat' dir='ltr'><strong>inquit,</strong></span> <span class='ocrx_word' id='word_1_97' title='bbox 1199 1813 1326 1880; x_wconf 91' lang='lat' dir='ltr'><strong>‘homo</strong></span> 
     </span>
     <span class='ocr_line' id='line_1_15' title="bbox 373 1909 1327 1992; baseline 0.008 -21"><span class='ocrx_word' id='word_1_98' title='bbox 373 1918 488 1973; x_wconf 84' lang='lat' dir='ltr'><strong>vester</strong></span> <span class='ocrx_word' id='word_1_99' title='bbox 508 1909 612 1992; x_wconf 84' lang='lat' dir='ltr'><strong>ligius</strong></span> <span class='ocrx_word' id='word_1_100' title='bbox 627 1929 716 1986; x_wconf 91' lang='lat' dir='ltr'><strong>sum,</strong></span> <span class='ocrx_word' id='word_1_101' title='bbox 739 1909 829 1971; x_wconf 90' lang='lat' dir='ltr'><strong>sicut</strong></span> <span class='ocrx_word' id='word_1_102' title='bbox 850 1928 969 1972; x_wconf 90' lang='lat' dir='ltr'><strong>omnes</strong></span> <span class='ocrx_word' id='word_1_103' title='bbox 993 1918 1231 1975; x_wconf 87' lang='lat' dir='ltr'><strong>antecessores</strong></span> <span class='ocrx_word' id='word_1_104' title='bbox 1257 1917 1327 1979; x_wconf 90' lang='lat' dir='ltr'><strong>mei</strong></span> 
     </span>
     <span class='ocr_line' id='line_1_16' title="bbox 373 2008 1326 2090; baseline 0.006 -19"><span class='ocrx_word' id='word_1_105' title='bbox 373 2009 513 2073; x_wconf 86' lang='lat' dir='ltr'><strong>fuerunt</strong></span> <span class='ocrx_word' id='word_1_106' title='bbox 527 2009 549 2088; x_wconf 74' lang='grc' dir='ltr'><strong>ς’</strong></span> <span class='ocrx_word' id='word_1_107' title='bbox 571 2016 607 2072; x_wconf 89' lang='lat' dir='ltr'><strong>et</strong></span> <span class='ocrx_word' id='word_1_108' title='bbox 622 2009 854 2072; x_wconf 88' lang='lat' dir='ltr'><strong>narrationem</strong></span> <span class='ocrx_word' id='word_1_109' title='bbox 877 2008 1044 2090; x_wconf 89' lang='lat' dir='ltr'><strong>incipiens</strong></span> <span class='ocrx_word' id='word_1_110' title='bbox 1065 2009 1186 2074; x_wconf 88' lang='lat' dir='ltr'><strong>retulit</strong></span> <span class='ocrx_word' id='word_1_111' title='bbox 1204 2032 1326 2077; x_wconf 91' lang='lat' dir='ltr'><strong>coram</strong></span> 
     </span>
     <span class='ocr_line' id='line_1_17' title="bbox 374 2107 1325 2191; baseline 0.007 -21"><span class='ocrx_word' id='word_1_112' title='bbox 374 2128 455 2190; x_wconf 85' lang='lat' dir='ltr'><strong>rege</strong></span> <span class='ocrx_word' id='word_1_113' title='bbox 475 2128 544 2191; x_wconf 90' lang='lat' dir='ltr'><strong>quo</strong></span> <span class='ocrx_word' id='word_1_114' title='bbox 567 2107 686 2171; x_wconf 89' lang='lat' dir='ltr'><strong>ordine</strong></span> <span class='ocrx_word' id='word_1_115' title='bbox 706 2126 783 2171; x_wconf 91' lang='lat' dir='ltr'><strong>cum</strong></span> <span class='ocrx_word' id='word_1_116' title='bbox 801 2107 985 2170; x_wconf 86' lang='lat' dir='ltr'><strong>venatione</strong></span> <span class='ocrx_word' id='word_1_117' title='bbox 1002 2108 1238 2190; x_wconf 88' lang='lat' dir='ltr'><strong>deprehensus</strong></span> <span class='ocrx_word' id='word_1_118' title='bbox 1260 2132 1325 2177; x_wconf 85' lang='lat' dir='ltr'><strong>ex·</strong></span> 
     </span>
     <span class='ocr_line' id='line_1_18' title="bbox 372 2207 1325 2276; baseline 0.007 -7"><span class='ocrx_word' id='word_1_119' title='bbox 372 2207 567 2272; x_wconf 84' lang='lat' dir='ltr'><strong>haeredatus</strong></span> <span class='ocrx_word' id='word_1_120' title='bbox 590 2207 703 2269; x_wconf 89' lang='lat' dir='ltr'><strong>fuerat</strong></span> <span class='ocrx_word' id='word_1_121' title='bbox 730 2215 866 2270; x_wconf 90' lang='lat' dir='ltr'><strong>etcum</strong></span> <span class='ocrx_word' id='word_1_122' title='bbox 894 2225 957 2269; x_wconf 88' lang='lat' dir='ltr'><strong>sua</strong></span> <span class='ocrx_word' id='word_1_123' title='bbox 989 2207 1121 2271; x_wconf 84' lang='lat' dir='ltr'><strong>familia</strong></span> <span class='ocrx_word' id='word_1_124' title='bbox 1147 2210 1325 2276; x_wconf 83' lang='lat' dir='ltr'><strong>exulatus.</strong></span> 
     </span>
     <span class='ocr_line' id='line_1_19' title="bbox 373 2304 1325 2391; baseline 0.007 -22"><span class='ocrx_word' id='word_1_125' title='bbox 373 2307 475 2369; x_wconf 86' lang='lat' dir='ltr'><strong>Dixit</strong></span> <span class='ocrx_word' id='word_1_126' title='bbox 491 2324 574 2385; x_wconf 87' lang='lat' dir='ltr'><strong>ergo</strong></span> <span class='ocrx_word' id='word_1_127' title='bbox 597 2324 658 2367; x_wconf 85' lang='lat' dir='ltr'><strong>rex</strong></span> <span class='ocrx_word' id='word_1_128' title='bbox 682 2305 726 2367; x_wconf 90' lang='lat' dir='ltr'><strong>ad</strong></span> <span class='ocrx_word' id='word_1_129' title='bbox 749 2304 904 2382; x_wconf 92' lang='lat' dir='ltr'><strong>militem,</strong></span> <span class='ocrx_word' id='word_1_130' title='bbox 921 2310 931 2339; x_wconf 92' lang='lat'>‘</span> <span class='ocrx_word' id='word_1_131' title='bbox 947 2305 1119 2370; x_wconf 87' lang='lat' dir='ltr'><strong>Fecistine</strong></span> <span class='ocrx_word' id='word_1_132' title='bbox 1134 2308 1325 2391; x_wconf 90' lang='lat' dir='ltr'><strong>aliqnando</strong></span> 
     </span>
     <span class='ocr_line' id='line_1_20' title="bbox 371 2404 1325 2487; baseline 0.008 -20"><span class='ocrx_word' id='word_1_133' title='bbox 371 2405 407 2467; x_wconf 95' lang='lat' dir='ltr'><strong>in</strong></span> <span class='ocrx_word' id='word_1_134' title='bbox 430 2406 505 2468; x_wconf 84' lang='lat' dir='ltr'><strong>vita</strong></span> <span class='ocrx_word' id='word_1_135' title='bbox 527 2411 589 2467; x_wconf 91' lang='lat' dir='ltr'><strong>tua</strong></span> <span class='ocrx_word' id='word_1_136' title='bbox 610 2404 690 2467; x_wconf 93' lang='lat' dir='ltr'><strong>boni</strong></span> <span class='ocrx_word' id='word_1_137' title='bbox 714 2404 845 2487; x_wconf 90' lang='lat' dir='ltr'><strong>aliquid</strong></span> <span class='ocrx_word' id='word_1_138' title='bbox 868 2405 912 2468; x_wconf 87' lang='lat' dir='ltr'><strong>ad</strong></span> <span class='ocrx_word' id='word_1_139' title='bbox 935 2412 1064 2469; x_wconf 84' lang='lat' dir='ltr'><strong>sanctae</strong></span> <span class='ocrx_word' id='word_1_140' title='bbox 1087 2409 1200 2470; x_wconf 89' lang='lat' dir='ltr'><strong>crucis</strong></span> <span class='ocrx_word' id='word_1_141' title='bbox 1227 2429 1325 2475; x_wconf 87' lang='lat' dir='ltr'><strong>reve-</strong></span> 
     </span>
     <span class='ocr_line' id='line_1_21' title="bbox 371 2502 1323 2574; baseline 0.008 -8"><span class='ocrx_word' id='word_1_142' title='bbox 371 2505 517 2566; x_wconf 90' lang='lat' dir='ltr'><strong>rentiam</strong></span> <span class='ocrx_word' id='word_1_143' title='bbox 535 2510 571 2566; x_wconf 87' lang='lat' dir='ltr'><strong>et</strong></span> <span class='ocrx_word' id='word_1_144' title='bbox 586 2502 747 2566; x_wconf 91' lang='lat' dir='ltr'><strong>honorem</strong></span> <span class='ocrx_word' id='word_1_145' title='bbox 759 2503 786 2566; x_wconf 70' lang='lat'><strong>2³</strong></span> <span class='ocrx_word' id='word_1_146' title='bbox 837 2502 888 2567; x_wconf 87' lang='lat' dir='ltr'><strong>At</strong></span> <span class='ocrx_word' id='word_1_147' title='bbox 909 2505 1008 2567; x_wconf 89' lang='lat' dir='ltr'><strong>miles</strong></span> <span class='ocrx_word' id='word_1_148' title='bbox 1027 2505 1070 2568; x_wconf 90' lang='lat' dir='ltr'><strong>de</strong></span> <span class='ocrx_word' id='word_1_149' title='bbox 1094 2507 1231 2571; x_wconf 90' lang='lat' dir='ltr'><strong>actibus</strong></span> <span class='ocrx_word' id='word_1_150' title='bbox 1250 2511 1323 2574; x_wconf 88' lang='lat' dir='ltr'><strong>suis</strong></span> 
     </span>
     <span class='ocr_line' id='line_1_22' title="bbox 370 2603 1323 2691; baseline 0.009 -27"><span class='ocrx_word' id='word_1_151' title='bbox 370 2603 557 2684; x_wconf 84' lang='lat' dir='ltr'><strong>praeteritis</strong></span> <span class='ocrx_word' id='word_1_152' title='bbox 570 2603 716 2666; x_wconf 89' lang='lat' dir='ltr'><strong>sollicite</strong></span> <span class='ocrx_word' id='word_1_153' title='bbox 732 2603 888 2684; x_wconf 86' lang='lat' dir='ltr'><strong>cogitans</strong></span> <span class='ocrx_word' id='word_1_154' title='bbox 902 2605 976 2685; x_wconf 87' lang='lat' dir='ltr'><strong>regi</strong></span> <span class='ocrx_word' id='word_1_155' title='bbox 989 2624 1072 2681; x_wconf 91' lang='lat' dir='ltr'><strong>rem,</strong></span> <span class='ocrx_word' id='word_1_156' title='bbox 1086 2624 1190 2688; x_wconf 92' lang='lat' dir='ltr'><strong>qnam</strong></span> <span class='ocrx_word' id='word_1_157' title='bbox 1202 2617 1323 2691; x_wconf 81' lang='lat' dir='ltr'><strong>egerat</strong></span> 
     </span>
     <span class='ocr_line' id='line_1_23' title="bbox 372 2701 1057 2779; baseline 0.003 -14"><span class='ocrx_word' id='word_1_158' title='bbox 372 2703 416 2765; x_wconf 92' lang='lat' dir='ltr'><strong>ob</strong></span> <span class='ocrx_word' id='word_1_159' title='bbox 434 2701 601 2766; x_wconf 85' lang='lat' dir='ltr'><strong>crucifixi</strong></span> <span class='ocrx_word' id='word_1_160' title='bbox 615 2702 854 2779; x_wconf 84' lang='lat' dir='ltr'><strong>reverentiam,</strong></span> <span class='ocrx_word' id='word_1_161' title='bbox 873 2705 1057 2767; x_wconf 86' lang='lat' dir='ltr'><strong>enarravit.</strong></span> 
     </span>
    </p>
   </div>
   <div class='ocr_carea' id='block_1_4' title="bbox 209 2876 1322 4177">
    <p class='ocr_par' dir='ltr' id='par_1_4' title="bbox 209 2876 1322 4177">
     <span class='ocr_line' id='line_1_24' title="bbox 445 2876 1242 2963; baseline 0.003 -21"><span class='ocrx_word' id='word_1_162' title='bbox 445 2877 595 2958; x_wconf 74' lang='lat' dir='ltr'><strong>Qamaodo</strong></span> <span class='ocrx_word' id='word_1_163' title='bbox 609 2877 696 2942; x_wconf 77' lang='lat' dir='ltr'><strong>miles</strong></span> <span class='ocrx_word' id='word_1_164' title='bbox 710 2876 836 2941; x_wconf 79' lang='lat' dir='ltr'><strong>inimico</strong></span> <span class='ocrx_word' id='word_1_165' title='bbox 843 2877 984 2962; x_wconf 75' lang='lat' dir='ltr'><strong>pepercit</strong></span> <span class='ocrx_word' id='word_1_166' title='bbox 991 2898 1054 2963; x_wconf 80' lang='lat' dir='ltr'><strong>pra</strong></span> <span class='ocrx_word' id='word_1_167' title='bbox 1071 2880 1242 2944; x_wconf 75' lang='lat' dir='ltr'><strong>reverentia</strong></span> 
     </span>
     <span class='ocr_line' id='line_1_25' title="bbox 767 2977 927 3058; baseline -0.013 -17"><span class='ocrx_word' id='word_1_168' title='bbox 767 2977 927 3058; x_wconf 73' lang='lat' dir='ltr'><strong>Omoifiai.</strong></span> 
     </span>
     <span class='ocr_line' id='line_1_26' title="bbox 209 3100 1322 3183; baseline -0.002 -15"><span class='ocrx_word' id='word_1_169' title='bbox 209 3118 294 3168; x_wconf 62' lang='lat' dir='ltr'><strong>hond</strong></span> <span class='ocrx_word' id='word_1_170' title='bbox 432 3101 562 3165; x_wconf 86' lang='lat' dir='ltr'><strong>‘Pater</strong></span> <span class='ocrx_word' id='word_1_171' title='bbox 580 3101 699 3177; x_wconf 86' lang='lat' dir='ltr'><strong>meus,&#39;</strong></span> <span class='ocrx_word' id='word_1_172' title='bbox 717 3101 842 3182; x_wconf 90' lang='lat' dir='ltr'><strong>inquit,</strong></span> <span class='ocrx_word' id='word_1_173' title='bbox 866 3106 925 3164; x_wconf 88' lang='lat' dir='ltr'><strong>‘et</strong></span> <span class='ocrx_word' id='word_1_174' title='bbox 946 3100 1036 3164; x_wconf 90' lang='lat' dir='ltr'><strong>alius</strong></span> <span class='ocrx_word' id='word_1_175' title='bbox 1059 3102 1201 3183; x_wconf 91' lang='lat' dir='ltr'><strong>quidam</strong></span> <span class='ocrx_word' id='word_1_176' title='bbox 1222 3102 1322 3167; x_wconf 89' lang='lat' dir='ltr'><strong>miles</strong></span> 
     </span>
     <span class='ocr_line' id='line_1_27' title="bbox 210 3167 1322 3284; baseline 0.007 -26"><span class='ocrx_word' id='word_1_177' title='bbox 210 3167 339 3258; x_wconf 65' lang='lat' dir='ltr'><strong>iilih&#39;l&#39;l?</strong></span> <span class='ocrx_word' id='word_1_178' title='bbox 371 3201 489 3264; x_wconf 88' lang='lat' dir='ltr'><strong>villam</strong></span> <span class='ocrx_word' id='word_1_179' title='bbox 505 3201 678 3282; x_wconf 90' lang='lat' dir='ltr'><strong>quandam</strong></span> <span class='ocrx_word' id='word_1_180' title='bbox 696 3202 787 3264; x_wconf 91' lang='lat' dir='ltr'><strong>inter</strong></span> <span class='ocrx_word' id='word_1_181' title='bbox 803 3219 841 3263; x_wconf 91' lang='lat' dir='ltr'><strong>se</strong></span> <span class='ocrx_word' id='word_1_182' title='bbox 856 3199 1094 3276; x_wconf 89' lang='lat' dir='ltr'><strong>dimidiabant,</strong></span> <span class='ocrx_word' id='word_1_183' title='bbox 1117 3220 1223 3283; x_wconf 92' lang='lat' dir='ltr'><strong>quam</strong></span> <span class='ocrx_word' id='word_1_184' title='bbox 1241 3203 1322 3284; x_wconf 88' lang='lat' dir='ltr'><strong>jure</strong></span> 
     </span>
     <span class='ocr_line' id='line_1_28' title="bbox 371 3299 1321 3382; baseline 0.003 -20"><span class='ocrx_word' id='word_1_185' title='bbox 371 3299 589 3363; x_wconf 85' lang='lat' dir='ltr'><strong>haereditario</strong></span> <span class='ocrx_word' id='word_1_186' title='bbox 608 3299 856 3381; x_wconf 81' lang='lat' dir='ltr'><strong>possidebant3</strong></span> <span class='ocrx_word' id='word_1_187' title='bbox 884 3308 931 3376; x_wconf 91' lang='lat' dir='ltr'><strong>et,</strong></span> <span class='ocrx_word' id='word_1_188' title='bbox 950 3318 1026 3362; x_wconf 91' lang='lat' dir='ltr'><strong>cum</strong></span> <span class='ocrx_word' id='word_1_189' title='bbox 1050 3308 1150 3382; x_wconf 88' lang='lat' dir='ltr'><strong>pater</strong></span> <span class='ocrx_word' id='word_1_190' title='bbox 1167 3320 1265 3364; x_wconf 90' lang='lat' dir='ltr'><strong>meus</strong></span> <span class='ocrx_word' id='word_1_191' title='bbox 1285 3303 1321 3365; x_wconf 95' lang='lat' dir='ltr'><strong>in</strong></span> 
     </span>
     <span class='ocr_line' id='line_1_29' title="bbox 371 3397 1322 3475; baseline 0.001 -12"><span class='ocrx_word' id='word_1_192' title='bbox 371 3399 528 3463; x_wconf 88' lang='lat' dir='ltr'><strong>omnibus</strong></span> <span class='ocrx_word' id='word_1_193' title='bbox 556 3399 685 3462; x_wconf 87' lang='lat' dir='ltr'><strong>divitiis</strong></span> <span class='ocrx_word' id='word_1_194' title='bbox 700 3398 902 3475; x_wconf 88' lang='lat' dir='ltr'><strong>abundaret,</strong></span> <span class='ocrx_word' id='word_1_195' title='bbox 923 3397 1049 3462; x_wconf 92' lang='lat' dir='ltr'><strong>aliuse</strong></span> <span class='ocrx_word' id='word_1_196' title='bbox 1073 3406 1196 3463; x_wconf 90' lang='lat' dir='ltr'><strong>contra</strong></span> <span class='ocrx_word' id='word_1_197' title='bbox 1222 3401 1322 3464; x_wconf 88' lang='lat' dir='ltr'><strong>miles</strong></span> 
     </span>
     <span class='ocr_line' id='line_1_30' title="bbox 369 3486 1320 3581; baseline 0.002 -19"><span class='ocrx_word' id='word_1_198' title='bbox 369 3517 505 3581; x_wconf 84' lang='lat' dir='ltr'><strong>semper</strong></span> <span class='ocrx_word' id='word_1_199' title='bbox 536 3486 670 3580; x_wconf 79' lang='lat' dir='ltr'><strong>pauper</strong></span> <span class='ocrx_word' id='word_1_200' title='bbox 696 3506 771 3562; x_wconf 88' lang='lat' dir='ltr'><strong>erat</strong></span> <span class='ocrx_word' id='word_1_201' title='bbox 801 3505 837 3562; x_wconf 91' lang='lat' dir='ltr'><strong>et</strong></span> <span class='ocrx_word' id='word_1_202' title='bbox 866 3517 1006 3579; x_wconf 85' lang='lat' dir='ltr'><strong>egenus,</strong></span> <span class='ocrx_word' id='word_1_203' title='bbox 1038 3505 1160 3562; x_wconf 86' lang='lat' dir='ltr'><strong>contra</strong></span> <span class='ocrx_word' id='word_1_204' title='bbox 1185 3506 1320 3580; x_wconf 90' lang='lat' dir='ltr'><strong>patrem</strong></span> 
     </span>
     <span class='ocr_line' id='line_1_31' title="bbox 371 3596 1321 3679; baseline 0.002 -18"><span class='ocrx_word' id='word_1_205' title='bbox 371 3618 483 3663; x_wconf 86' lang='lat' dir='ltr'><strong>meum</strong></span> <span class='ocrx_word' id='word_1_206' title='bbox 514 3598 646 3662; x_wconf 86' lang='lat' dir='ltr'><strong>invidia</strong></span> <span class='ocrx_word' id='word_1_207' title='bbox 675 3598 799 3661; x_wconf 91' lang='lat' dir='ltr'><strong>ductus</strong></span> <span class='ocrx_word' id='word_1_208' title='bbox 826 3597 957 3679; x_wconf 88' lang='lat' dir='ltr'><strong>paratis</strong></span> <span class='ocrx_word' id='word_1_209' title='bbox 985 3596 1118 3660; x_wconf 92' lang='lat' dir='ltr'><strong>insidiis</strong></span> <span class='ocrx_word' id='word_1_210' title='bbox 1145 3597 1321 3664; x_wconf 85' lang='lat' dir='ltr'><strong>interfecit</strong></span> 
     </span>
     <span class='ocr_line' id='line_1_32' title="bbox 370 3697 1321 3780; baseline 0 -19"><span class='ocrx_word' id='word_1_211' title='bbox 370 3718 460 3762; x_wconf 83' lang='lat' dir='ltr'><strong>eum.</strong></span> <span class='ocrx_word' id='word_1_212' title='bbox 507 3699 584 3780; x_wconf 88' lang='lat' dir='ltr'><strong>Ego</strong></span> <span class='ocrx_word' id='word_1_213' title='bbox 601 3704 730 3773; x_wconf 88' lang='lat' dir='ltr'><strong>autem,</strong></span> <span class='ocrx_word' id='word_1_214' title='bbox 751 3697 812 3777; x_wconf 91' lang='lat' dir='ltr'><strong>qui</strong></span> <span class='ocrx_word' id='word_1_215' title='bbox 834 3703 917 3760; x_wconf 93' lang='lat' dir='ltr'><strong>tunc</strong></span> <span class='ocrx_word' id='word_1_216' title='bbox 938 3716 1025 3778; x_wconf 88' lang='lat' dir='ltr'><strong>puer</strong></span> <span class='ocrx_word' id='word_1_217' title='bbox 1042 3715 1148 3771; x_wconf 91' lang='lat' dir='ltr'><strong>eram,</strong></span> <span class='ocrx_word' id='word_1_218' title='bbox 1163 3715 1243 3760; x_wconf 89' lang='lat' dir='ltr'><strong>oum</strong></span> <span class='ocrx_word' id='word_1_219' title='bbox 1258 3717 1321 3761; x_wconf 92' lang='lat' dir='ltr'><strong>an·</strong></span> 
     </span>
     <span class='ocr_line' id='line_1_33' title="bbox 371 3794 1320 3878; baseline 0.001 -18"><span class='ocrx_word' id='word_1_220' title='bbox 371 3817 434 3860; x_wconf 94' lang='lat' dir='ltr'><strong>nos</strong></span> <span class='ocrx_word' id='word_1_221' title='bbox 461 3798 578 3861; x_wconf 86' lang='lat' dir='ltr'><strong>viriles</strong></span> <span class='ocrx_word' id='word_1_222' title='bbox 606 3796 800 3877; x_wconf 83' lang='lat' dir='ltr'><strong>attigissem</strong></span> <span class='ocrx_word' id='word_1_223' title='bbox 830 3797 921 3859; x_wconf 88' lang='lat' dir='ltr'><strong>etin</strong></span> <span class='ocrx_word' id='word_1_224' title='bbox 946 3794 1146 3859; x_wconf 87' lang='lat' dir='ltr'><strong>haereditate</strong></span> <span class='ocrx_word' id='word_1_225' title='bbox 1174 3804 1320 3878; x_wconf 88' lang='lat' dir='ltr'><strong>paterna</strong></span> 
     </span>
     <span class='ocr_line' id='line_1_34' title="bbox 370 3894 1320 3976; baseline 0 -16"><span class='ocrx_word' id='word_1_226' title='bbox 370 3897 593 3960; x_wconf 87' lang='lat' dir='ltr'><strong>confirmatus</strong></span> <span class='ocrx_word' id='word_1_227' title='bbox 626 3895 778 3971; x_wconf 87' lang='lat' dir='ltr'><strong>fuissem,</strong></span> <span class='ocrx_word' id='word_1_228' title='bbox 811 3894 964 3976; x_wconf 88' lang='lat' dir='ltr'><strong>cogitavi</strong></span> <span class='ocrx_word' id='word_1_229' title='bbox 994 3895 1256 3961; x_wconf 90' lang='lat' dir='ltr'><strong>immutabiliter</strong></span> <span class='ocrx_word' id='word_1_230' title='bbox 1285 3898 1320 3960; x_wconf 90' lang='lat' dir='ltr'><strong>in</strong></span> 
     </span>
     <span class='ocr_line' id='line_1_35' title="bbox 370 3993 1320 4077; baseline 0.002 -19"><span class='ocrx_word' id='word_1_231' title='bbox 370 3996 535 4060; x_wconf 87' lang='lat' dir='ltr'><strong>ultionem</strong></span> <span class='ocrx_word' id='word_1_232' title='bbox 568 3995 678 4077; x_wconf 90' lang='lat' dir='ltr'><strong>patris</strong></span> <span class='ocrx_word' id='word_1_233' title='bbox 706 3995 772 4058; x_wconf 88' lang='lat' dir='ltr'><strong>mei</strong></span> <span class='ocrx_word' id='word_1_234' title='bbox 798 3994 942 4057; x_wconf 90' lang='lat' dir='ltr'><strong>militem</strong></span> <span class='ocrx_word' id='word_1_235' title='bbox 975 3993 1072 4057; x_wconf 92' lang='lat' dir='ltr'><strong>illum</strong></span> <span class='ocrx_word' id='word_1_236' title='bbox 1102 3994 1320 4076; x_wconf 79' lang='lat' dir='ltr'><strong>interficere3</strong></span> 
     </span>
     <span class='ocr_line' id='line_1_36' title="bbox 368 4093 1320 4177; baseline 0.002 -20"><span class='ocrx_word' id='word_1_237' title='bbox 368 4096 427 4159; x_wconf 88' lang='lat' dir='ltr'><strong>scd</strong></span> <span class='ocrx_word' id='word_1_238' title='bbox 446 4095 504 4160; x_wconf 87' lang='lat' dir='ltr'><strong>ille</strong></span> <span class='ocrx_word' id='word_1_239' title='bbox 521 4094 693 4177; x_wconf 91' lang='lat' dir='ltr'><strong>superbis</strong></span> <span class='ocrx_word' id='word_1_240' title='bbox 709 4093 935 4175; x_wconf 82' lang='lat' dir='ltr'><strong>praemunitus</strong></span> <span class='ocrx_word' id='word_1_241' title='bbox 949 4113 1012 4175; x_wconf 88' lang='lat' dir='ltr'><strong>per</strong></span> <span class='ocrx_word' id='word_1_242' title='bbox 1028 4112 1137 4156; x_wconf 90' lang='lat' dir='ltr'><strong>annos</strong></span> <span class='ocrx_word' id='word_1_243' title='bbox 1152 4093 1320 4175; x_wconf 87' lang='lat' dir='ltr'><strong>plurimos</strong></span> 
     </span>
    </p>
   </div>
   <div class='ocr_carea' id='block_1_5' title="bbox 367 4192 1320 4277">
    <p class='ocr_par' dir='ltr' id='par_1_5' title="bbox 367 4192 1320 4277">
     <span class='ocr_line' id='line_1_37' title="bbox 367 4192 1320 4277; baseline 0.003 -21"><span class='ocrx_word' id='word_1_244' title='bbox 367 4196 411 4257; x_wconf 90' lang='lat' dir='ltr'><strong>ab</strong></span> <span class='ocrx_word' id='word_1_245' title='bbox 433 4194 578 4273; x_wconf 91' lang='lat' dir='ltr'><strong>insidiis,</strong></span> <span class='ocrx_word' id='word_1_246' title='bbox 606 4214 694 4277; x_wconf 87' lang='lat' dir='ltr'><strong>quas</strong></span> <span class='ocrx_word' id='word_1_247' title='bbox 720 4193 752 4258; x_wconf 87' lang='lat' dir='ltr'><strong>ei</strong></span> <span class='ocrx_word' id='word_1_248' title='bbox 775 4192 929 4258; x_wconf 88' lang='lat' dir='ltr'><strong>studiose</strong></span> <span class='ocrx_word' id='word_1_249' title='bbox 950 4212 1167 4276; x_wconf 88' lang='lat' dir='ltr'><strong>paraveram,</strong></span> <span class='ocrx_word' id='word_1_250' title='bbox 1189 4212 1229 4257; x_wconf 87' lang='lat' dir='ltr'><strong>se</strong></span> <span class='ocrx_word' id='word_1_251' title='bbox 1251 4194 1320 4259; x_wconf 80' lang='lat' dir='ltr'><strong>cal-</strong></span> 
     </span>
    </p>
   </div>
   <div class='ocr_carea' id='block_1_6' title="bbox 0 0 1494 4996">
    <p class='ocr_par' dir='ltr' id='par_1_6' title="bbox 0 0 1494 4996">
     <span class='ocr_line' id='line_1_38' title="bbox 0 0 1494 4996; baseline 0 2"><span class='ocrx_word' id='word_1_252' title='bbox 0 0 1494 4996; x_wconf 95' lang='lat' dir='ltr'><strong> </strong></span> 
     </span>
    </p>
   </div>
  </div>
 </body>
</html>
