2978 4996
467 444 605 492 smnus
631 444 901 493 ursrorulnuu.
1091 431 1156 495 301

207 623 263 666 um
294 603 563 686 praeparabant;
594 602 656 666 bos
684 622 815 679 omnes
838 602 929 666 datis
954 606 1059 685 regiis
1083 606 1293 671 the-ww·

208 703 415 765 sauriacum
439 703 573 781 magnis
596 702 890 784 promissionibus,
907 703 957 765 ita
979 705 1013 765 in
1038 725 1154 769 necem

209 801 407 864 Marescalli
429 802 680 877 animaverant,
703 808 755 877 ut,
777 820 818 863 eo
836 809 1026 883 perempto,
1044 823 1081 865 se
1105 805 1157 868 di-

209 902 298 963 vites
319 900 392 963 flori
419 901 642 963 aestimarent.
695 898 774 976 Quo
795 899 899 975 facto,
927 901 1094 965 miserunt
1111 905 1154 966 ad

157 992 162 1001 ’
210 998 453 1063 Marescallum
475 1000 568 1061 viros
584 996 812 1078 Templari0S,
835 997 1038 1063 mandantes
1062 1001 1155 1082 quod

209 1097 397 1181 proditiose
426 1097 528 1161 nimis
555 1098 683 1177 agebat
704 1104 826 1160 contra
851 1097 1024 1160 dominum
1056 1118 1157 1162 sunm

210 1217 325 1279 regem
343 1196 492 1277 Angliae‚
516 1215 617 1278 quem
639 1196 729 1258 sicut
746 1196 782 1257 in
800 1195 931 1277 Anglia
956 1197 1007 1260 ila
1020 1197 1095 1278 jam
1121 1199 1157 1261 in

213 1296 383 1358 Hibernia
412 1293 660 1377 impugnabat3
688 1293 894 1357 addiderunt
921 1293 1038 1371 etiam,
1065 1299 1157 1379 quod

210 1395 290 1476 ipsi,
312 1394 376 1456 sub
398 1413 543 1475 quornm
564 1392 722 1456 custodia
745 1412 805 1456 rex
828 1401 955 1456 terram
980 1394 1157 1460 Hiberniae

211 1494 431 1557 commiserat
448 1500 483 1556 et
500 1493 600 1576 cujus
627 1491 782 1554 homines
803 1500 903 1556 erant
922 1492 1039 1557 fideles
1054 1502 1089 1558 et
1099 1496 1158 1578 ju·

212 1592 289 1666 rati,
314 1611 383 1655 non
406 1599 567 1673 poterant
584 1591 657 1654 sine
679 1591 882 1671 proditionis
904 1599 988 1655 nota
1003 1593 1092 1657 hanc
1107 1595 1159 1658 iu-

207 1690 336 1774 juriam
368 1690 564 1767 sustinere3
599 1688 865 1772 postulaverunt
892 1710 974 1771 ergo
1003 1693 1158 1756 inducias

212 1796 458 1871 competentem
475 1796 516 1852 ut
533 1789 667 1851 interim
686 1788 815 1851 scirent
829 1807 851 1850 a
868 1808 948 1870 rege
965 1788 1157 1870 Anglorum

211 1889 242 1950 si
258 1887 340 1953 velit
359 1886 564 1951 Hiberniam
582 1885 774 1962 defendere,
793 1904 897 1967 qnam
920 1887 949 1948 si
965 1888 1053 1949 tueri
1077 1907 1157 1951 con-

212 1994 380 2050 temneret
394 1996 429 2050 et
442 2006 518 2051 earn
541 1983 763 2066 relinquendo
779 1984 933 2047 deserere
949 1984 1158 2063 decerneret,

212 2085 279 2167 ipsi
297 2093 423 2149 terram
442 2093 549 2150 totam
567 2085 599 2149 ei
616 2085 690 2147 siue
708 2084 768 2147 lite
786 2093 821 2147 et
838 2083 1002 2148 effusione
1018 2086 1159 2167 sangui-

214 2185 268 2248 nis
284 2185 508 2266 resignarent.

296 2355 386 2435 Quod
390 2356 512 2440 justum
528 2354 637 2419 bollum
651 2355 732 2419 idom
746 2377 839 2443 omnes
853 2366 959 2420 eontra
974 2377 1071 2442 repam

600 2456 774 2540 susceperit.

268 2575 336 2639 His
355 2576 462 2658 igitur
477 2577 528 2640 ita
548 2577 659 2652 dictis,
678 2578 722 2641 ad
738 2577 878 2659 singula
896 2578 961 2641 sibi
984 2578 1160 2659 proposita
1172 2597 1320 2639 mammen

214 2696 330 2740 comes
360 2675 589 2741 Marescallus
622 2677 825 2760 respondit;
860 2676 931 2738 ‘ln
961 2678 1080 2758 primis
1108 2696 1160 2739 re-
1172 2648 1302 2738 iiii'i‘ii.¹¹'⁸

214 2777 381 2857 spondeo,
398 2776 489 2857 quod
512 2776 699 2858 proditiose
718 2795 786 2838 non
807 2774 863 2854 egi
881 2782 1002 2837 contra
1024 2794 1159 2855 regem3

215 2875 299 2958 quia
320 2876 394 2938 sine
415 2874 548 2957 judicio
569 2876 703 2956 parium
729 2893 882 2937 meorum
905 2880 941 2935 et
962 2873 1091 2954 injuste
1117 2873 1160 2935 ab

216 2972 328 3038 officio
361 2972 591 3037 marescalciae
630 2993 684 3036 me
716 2971 891 3053 spoliavit,
929 2970 1066 3033 exulem
1100 2990 1161 3051 per

215 3079 327 3137 totam
356 3071 521 3152 Angliam
553 3072 749 3134 denuntiari
782 3070 875 3144 fecit,
908 3070 1054 3133 aedificia
1085 3087 1161 3131 mea

216 3171 297 3252 igne
328 3172 493 3234 cremavit
522 3178 557 3234 et
587 3180 696 3234 terras
729 3188 823 3232 meas
853 3168 1036 3233 destruxit.
1101 3169 1162 3230 Se·

218 3269 285 3333 mel
302 3279 337 3333 et
350 3271 474 3333 iterum
499 3289 553 3332 me
569 3268 748 3345 diffidavit,
770 3288 847 3331 cum
870 3287 1005 3351 semper
1022 3276 1163 3350 paratus

218 3387 328 3431 essem
354 3368 389 3431 in
415 3369 511 3431 curia
537 3387 601 3430 sua
615 3368 688 3450 juri
713 3387 833 3449 parere
856 3375 892 3430 et
914 3377 1007 3432 stare
1029 3367 1163 3450 judicio

217 3467 352 3549 parium
376 3484 555 3544 meorum3
585 3467 675 3530 unde
698 3465 800 3530 homo
821 3485 905 3529 suus
931 3487 1000 3530 non
1019 3466 1081 3540 fui,
1104 3465 1163 3528 sed

219 3566 263 3628 ab
286 3566 395 3647 ipsius
419 3565 593 3645 homagio,
615 3584 684 3628 non
707 3585 768 3646 per
790 3584 845 3628 me
870 3564 930 3627 sed
958 3584 1020 3646 per
1039 3563 1165 3644 ipsum,

218 3663 422 3728 absolutus!
474 3663 528 3726 De
559 3663 692 3727 caeteris
726 3671 842 3726 autem
869 3663 933 3724 sibi
962 3662 1107 3744 objectis
1130 3669 1166 3725 et

218 3762 261 3825 de
283 3762 430 3825 induciis
455 3761 683 3825 concedendis
708 3760 918 3842 significavit
946 3759 1165 3840 magnatibus

220 3861 394 3944 praedictis
416 3879 478 3942 per
495 3861 632 3923 eosdem
649 3860 877 3940 TemplarioS,
903 3859 991 3921 utin
1014 3859 1166 3921 crastino

218 3959 377 4023 venirent
393 3961 437 4023 ad
455 3959 661 4041 colloquium
684 3959 720 4020 in
736 3957 885 4038 quodam
904 3965 1003 4038 prato
1024 3956 1089 4019 sibi
1108 3956 1167 4019 de·

220 4059 359 4137 signato
386 4059 428 4121 de
459 4078 544 4140 pace
574 4056 770 4132 tractaturi,
794 4054 1055 4118 immutabiliter
1077 4053 1168 4118 affir-

221 4176 332 4234 mans,
357 4158 450 4239 quod
472 4157 568 4221 licuit
591 4156 656 4220 sibi
684 4156 726 4219 de
749 4155 830 4240 jure
852 4155 943 4236 quod
970 4173 1070 4218 suum
1095 4161 1171 4218 erat
