2978 4996
480 453 619 501 neonus
644 453 910 502 nrsromnnuu.
1127 439 1171 503 83

216 610 289 673 dita
307 618 389 674 sunt
408 611 563 674 tonitrua
587 630 649 691 per
667 618 775 675 totam
794 612 958 691 Angliam
981 613 1168 694 generalia,
1180 628 1233 668 w·
1247 628 1303 669 ¹22²·

215 729 294 792 quae
322 710 485 773 ecclesias
518 718 554 774 et
582 710 805 774 ecclesiarum
829 721 953 788 turres,
985 712 1105 776 domos
1133 721 1169 778 et

215 808 373 885 aedilicia,
396 816 588 873 castrorum
610 828 728 873 muros
745 817 781 872 ct
797 812 1068 893 propugnacula,
1086 812 1166 874 suh-

215 914 406 972 verterunt.
460 907 504 971 In
536 909 619 972 villa
652 928 789 991 quoque
816 929 894 991 quac
923 908 1168 974 Pilardestuna

215 1006 353 1083 dicitur,
370 1007 405 1070 in
428 1026 520 1089 pago
536 1007 785 1070 Warewicensi
801 1009 881 1085 sita,
902 1009 1003 1071 irruit
1019 1015 1167 1089 tempes-

217 1112 272 1169 tas
294 1105 355 1170 illa
377 1106 413 1169 in
439 1105 594 1171 aedificiis
614 1106 795 1189 cujusdam
817 1107 946 1182 militis,
971 1108 1168 1190 opprimens

215 1223 360 1268 uxorem
398 1205 474 1288 ejus
515 1225 593 1268 cum
635 1213 715 1269 octo
754 1205 949 1270 hominibus
987 1207 1168 1288 utriusque

214 1323 333 1380 sexus,
359 1304 395 1367 in
418 1305 646 1369 admiratione
669 1304 867 1382 multorum,
892 1307 951 1389 qui
974 1325 1092 1369 casum
1116 1306 1168 1368 in-

213 1412 428 1485 spexerunt3
460 1404 583 1468 deinde
611 1412 800 1486 tempestas
832 1404 893 1468 illa
923 1405 1166 1469 debacchando

213 1502 429 1567 invalescens
455 1504 644 1567 turbariam
667 1504 839 1584 quandam
866 1505 903 1566 in
925 1505 1045 1568 eadem
1069 1504 1165 1580 villa,

214 1603 315 1683 aquis
330 1602 511 1685 profundis
533 1609 569 1666 et
586 1602 712 1685 palude
735 1603 983 1681 circundatam,
1007 1604 1107 1686 quasi
1129 1605 1165 1666 in

212 1700 284 1765 ictu
298 1702 389 1765 oculi
406 1702 493 1766 adeo
509 1702 657 1766 reddidit
671 1704 810 1779 siccam,
826 1703 930 1784 quod,
946 1723 1008 1767 nec
1025 1702 1164 1767 herbam

214 1820 276 1864 nec
293 1800 404 1864 lutum
418 1801 455 1864 in
471 1820 514 1865 ea
528 1802 737 1884 relinquens,
759 1801 842 1864 sicci
860 1801 992 1885 lapides
1014 1810 1165 1866 tantum·

214 1900 315 1964 modo
335 1910 585 1966 remanserunt.
625 1901 713 1964 Item
732 1900 768 1962 in
790 1893 926 1981 ¹vigilia
944 1910 1074 1965 sanctae
1095 1900 1165 1964 Lu-

213 1999 277 2062 ciae
301 2000 445 2081 virginis
468 2010 592 2064 ventus
614 1999 798 2063 vehemens
822 2006 857 2063 et
880 1999 1080 2082 repentinus
1105 2019 1164 2062 su·

213 2101 417 2180 perveniens
434 2099 606 2163 crudelius
621 2098 768 2183 praefata
784 2106 990 2181 tempestate
1007 2099 1163 2174 desaevit,

213 2216 293 2260 uam
317 2199 524 2280 generaliter
543 2219 605 2280 per
628 2206 737 2263 totam
754 2198 931 2280 Angliam,
955 2199 1055 2280 quasi
1078 2197 1163 2262 flatu

212 2297 382 2362 diabolico
399 2299 545 2379 agitata,
563 2297 711 2363 aedificia
730 2299 847 2375 diruit,
871 2298 1033 2363 ecclesius
1054 2305 1089 2361 et
1104 2315 1162 2360 ca·

213 2416 289 2459 rum
309 2405 421 2461 turres
439 2399 640 2480 prostravit,
658 2399 799 2462 arbores
814 2398 980 2462 silvarum
1002 2417 1079 2461 curn
1103 2416 1164 2479 po·

214 2496 330 2559 meniis
362 2496 529 2561 radicitus
562 2497 701 2575 evulsit,
732 2498 783 2562 ita
816 2498 952 2579 quidem
983 2496 1074 2578 quod
1104 2497 1164 2560 vix

213 2594 338 2677 aliquis
370 2597 532 2660 immunis
558 2597 670 2661 evasit
701 2617 722 2660 a
752 2597 851 2679 cujus
878 2616 915 2660 sc
944 2596 1071 2678 injuria
1093 2589 1165 2657 ²re·

213 2692 386 2760 fraenaret.
429 2692 432 2696 ’

235 2867 277 2932 Ut
291 2869 475 2954 Stephanus,
491 2870 736 2955 archiepiscopus
753 2867 997 2943 Orant-ramensis,
1013 2866 1166 2931 libertates

560 2968 585 3032 'a
602 2991 669 3054 rape
682 2969 820 3054 eoeperit.

264 3090 367 3156 Anno
384 3092 524 3156 Domini
549 3107 737 3157 uccxxrn.
756 3111 817 3154 rex
838 3089 1011 3154 Henricus
1027 3090 1070 3154 ad
1090 3089 1164 3153 Na·
1178 3102 1232 3141 nn.
1244 3102 1299 3140 ¹2²³.

1177 3152 1326 3190 eonnrmatton

212 3190 283 3254 tale
312 3192 424 3255 tenuit
454 3192 585 3256 curiam
617 3210 714 3254 suam
747 3190 837 3272 apud
871 3190 1057 3254 Oxoniam.
1120 3190 1165 3253 Et
1177 3201 1319 3290 were&

211 3291 443 3372 postmodum,
476 3291 512 3354 in
544 3290 677 3355 octavis
704 3290 920 3372 Epiphaniae,
949 3290 1039 3372 apud
1074 3289 1275 3352 Lon-mundet·

211 3388 334 3452 donias
361 3391 503 3454 veniens
538 3409 616 3453 cum
653 3391 839 3453 baronibus
873 3390 916 3452 ad
954 3389 1164 3471 colloquium

211 3489 398 3570 requisitus
424 3498 479 3553 est
504 3491 548 3553 ab
569 3490 828 3572 archiepiscopo
858 3488 1102 3552 Cantuariensi
1129 3494 1165 3550 et

211 3588 432 3669 magnatibus
466 3588 555 3666 aliis,
588 3596 628 3653 ut
653 3589 831 3652 libertates
865 3594 901 3650 et
927 3587 1052 3649 liberas
1082 3604 1163 3648 con·

209 3688 422 3766 suetudines,
447 3708 509 3770 pro
534 3689 659 3771 quihus
685 3707 811 3769 guerra
837 3693 932 3748 mota
955 3685 1021 3747 fuit
1043 3691 1164 3746 contra

246 3884 366 3949 ¹Vigitta
379 3887 674 3950 muctoehrtcioe3112th
703 3887 873 3944 Cauterbury,
895 3884 937 3931 tha
966 3882 1116 3942 particulare
1138 3883 1166 3930 ol

209 3955 240 4005 of
246 3957 397 4007 December.
701 3955 784 4004 which
794 3969 837 4003 ure
845 3952 1162 4001 inWilllns'foncil.tom.

700 4027 728 4074 ii.
736 4041 762 4087 p.
772 4029 830 4072 686.
857 4022 919 4070 This
931 4037 992 4083 year
1002 4036 1073 4070 came
1081 4023 1135 4071 also
1146 4038 1163 4070 a

244 4093 452 4157 'ResraeuuretJ
486 4098 561 4146 Paris
582 4098 673 4145 ineerta
701 4095 754 4143 hnll
767 4093 830 4142 t‘rom
847 4093 889 4141 the
906 4107 972 4154 pope
990 4098 1015 4141 to
1031 4091 1073 4141 the
1089 4091 1163 4141 urch-

209 4165 270 4217 hara
281 4181 298 4215 a
309 4168 391 4216 notice
402 4165 431 4215 ol
444 4166 486 4215 the
503 4168 603 4216 council
615 4166 674 4214 held
700 4163 790 4224 bishop
800 4163 830 4212 ot‘
839 4162 918 4223 York,
929 4163 1021 4224 urgiug
1031 4162 1084 4210 him
1095 4169 1120 4211 to
1129 4162 1164 4211 all

208 4241 236 4284 at
253 4235 352 4285 Oxtord
369 4237 403 4297 by
420 4236 462 4285 the
479 4236 630 4296 erchbishop
649 4236 678 4285 ot'
700 4235 826 4297 diligencc
838 4234 864 4282 in
876 4233 1132 4350 establishing2quiet.

1008 4315 1023 4349 o
