2978 4996
465 486 604 536 rnonss
627 486 898 536 nrsronrnaun.
1091 470 1157 536 299

208 643 381 707 nuntiavit
408 645 512 707 etiam
546 638 626 725 'ipsi
655 644 726 724 regi
754 643 929 720 audacter,
957 643 1059 725 quod,
1089 646 1291 708 cisitu-¹2³⁴·

209 743 355 806 celerius
371 763 520 806 errorem
538 743 726 805 dimitteret
742 750 868 804 etcum
884 742 1041 805 fidelibus
1058 746 1155 823 regni

208 843 263 905 sui
295 842 437 923 pacifice
462 849 692 923 componeret,
716 842 790 922 ipse
817 841 1056 917 incontinenti,
1078 861 1154 904 cum

208 941 368 1003 omnibus
394 942 454 1022 qui
479 941 624 1004 aderant
647 939 812 1022 praelatis,
837 941 873 1002 in
900 941 1012 1022 ipsum
1039 960 1154 1021 regem

208 1041 416 1103 sententiam
442 1041 547 1103 ferret
572 1040 937 1103 excommunicationis
964 1040 1055 1101 etin
1083 1059 1156 1101 om·

209 1157 270 1201 nes
286 1139 373 1201 alios
390 1138 492 1223 hujus
515 1139 611 1219 pacis
627 1138 897 1201 contradictores
914 1147 950 1201 et
965 1138 1156 1202 concordiae

209 1256 439 1319 perversores.
495 1238 573 1301 Rex
602 1245 717 1301 autem
745 1238 823 1319 pius
854 1237 1034 1301 consilium
1062 1237 1156 1300 audi-

211 1356 272 1399 ens
289 1337 511 1418 praeiatorum
533 1335 707 1399 humiliter
727 1336 916 1418 respondit,
933 1336 1025 1417 quod
1043 1337 1155 1400 consi-

170 1460 174 1467 ·
211 1435 267 1497 iiis
284 1454 402 1499 eorum
418 1436 453 1497 in
468 1436 627 1498 omnibus
643 1434 852 1512 adclinaret;
880 1435 972 1498 unde
988 1444 1068 1517 post
1083 1435 1156 1498 dies

209 1552 352 1614 paucos,
369 1533 566 1614 intelligens
583 1535 758 1613 proprium
775 1553 937 1611 errorem,
953 1535 1157 1617 poenitentia

209 1632 334 1696 ductus
352 1634 517 1715 praecepit
535 1631 652 1707 Petro,
671 1632 902 1696 Wintoniensi
926 1634 1100 1714 episcopo,
1118 1640 1157 1696 ut

212 1748 358 1813 pergens
382 1731 426 1795 ad
451 1732 687 1814 episcopatum
722 1749 822 1794 suum
847 1734 938 1795 curis
962 1733 1156 1795 intenderet

147 1819 150 1823 ’
210 1831 400 1893 animarum
425 1830 525 1893 etde
552 1838 678 1893 caetero
706 1831 811 1910 regiis
847 1831 995 1911 negotiis
1028 1850 1157 1911 nequa-

212 1947 314 2011 quam
346 1931 539 1993 interesset.
594 1927 700 1991 Petro
723 1930 828 1992 etiam
855 1928 897 1992 de
921 1927 1070 1991 Rivallis
1093 1929 1156 1990 im-

212 2027 423 2091 mutabiliter
444 2027 563 2110 jussit,
585 2027 685 2112 cujus
708 2027 838 2109 Anglia
861 2034 936 2091 tota
958 2026 1156 2108 dispositio-

210 2127 311 2189 nibus
336 2126 549 2210 subjacebat,
575 2134 627 2203 ut,
650 2127 792 2190 redditis
818 2127 884 2190 sibi
908 2126 1060 2190 castellis
1085 2128 1157 2189 suis

210 2233 246 2289 et
271 2227 452 2291 ratiocinio
482 2226 525 2288 de
550 2225 734 2303 thesauris,
762 2226 989 2290 incontinenti
1017 2245 1039 2288 a
1062 2227 1158 2289 curia

209 2326 394 2400 recederet,
420 2323 593 2388 affirmans
619 2345 698 2388 cnm
720 2324 932 2408 juramento,
960 2326 1065 2406 quod,
1092 2327 1155 2388 nisi

212 2423 434 2487 beneficiatus
458 2426 550 2488 etin
575 2433 702 2488 sortem
730 2424 930 2488 clericorum
953 2425 1076 2488 fuisset
1098 2424 1157 2487 ad-

214 2524 352 2599 missus,
381 2524 455 2605 ipse
485 2524 517 2586 ei
556 2524 675 2586 ambos
712 2523 831 2586 oculos
868 2543 987 2586 eruere
1016 2523 1155 2587 faceret.

216 2621 440 2686 Pictavenses
465 2623 606 2704 insuper
633 2640 763 2698 omnes,
790 2629 860 2685 tam
888 2622 1051 2685 decuria
1081 2642 1157 2698 sna,

215 2740 319 2803 quam
347 2720 390 2798 de
419 2729 608 2786 castrorum
640 2720 822 2803 praesidiis,
853 2720 1028 2801 expellens
1060 2723 1158 2784 remi-

216 2821 261 2882 sit
287 2821 323 2882 in
350 2821 495 2901 patriam
527 2840 639 2898 suam,
665 2821 868 2903 praecipiens
896 2827 936 2881 ut
961 2819 1053 2882 ultra
1078 2819 1160 2883 faci-

216 2938 270 2982 em
293 2918 369 3001 ejus
391 2940 460 2984 non
478 2919 644 2983 viderent.
697 2919 751 2982 Ac
772 2919 894 2982 deinde
917 2937 991 2994 rex,
1009 2920 1067 2999 qui
1090 2938 1161 2979 mo-

216 3017 269 3079 dis
286 3019 444 3082 omnibus
469 3036 589 3100 pacem
615 3018 767 3095 sitiebat,
795 3019 888 3081 misit
912 3017 1161 3092 Eudmundum,

215 3115 500 3181 Cantuariensem
538 3119 844 3201 archiepiscopum,
880 3137 955 3180 curn
991 3117 1161 3198 episcopis

218 3214 394 3278 Cestrensi
422 3226 457 3280 et
478 3217 632 3281 Roffensi
658 3218 693 3280 in
716 3217 879 3281 Welliam
911 3216 954 3279 ad
981 3215 1161 3279 Loelinum

218 3321 255 3377 et
282 3314 494 3379 Richardum
533 3317 692 3379 comitem
732 3315 988 3392 Marescallum,
1019 3325 1059 3379 ut
1084 3336 1161 3379 curn

219 3415 269 3478 eis
292 3414 335 3477 de
357 3434 441 3496 pace
461 3422 661 3478 tractarent.
715 3414 761 3479 Et
776 3418 825 3479 sic
847 3435 922 3492 rex,
944 3414 1094 3479 dimissis
1113 3417 1161 3477 in-

220 3513 309 3595 iquis
338 3513 542 3577 consiliariis
569 3515 654 3590 suis,
685 3516 861 3580 revocavit
887 3513 931 3576 ad
961 3516 1162 3596 obsequium

219 3631 320 3675 suum
345 3612 520 3676 naturales
550 3613 705 3676 homines
729 3613 771 3676 de
795 3632 902 3692 regno
922 3632 997 3687 suo,
1022 3613 1163 3694 subjici·

219 3729 280 3773 ens
307 3730 345 3774 se
361 3711 504 3775 consilio
521 3712 768 3794 archiepiscopi
787 3720 822 3774 et
836 3711 1085 3793 episcoporum,
1104 3731 1166 3792 per

220 3829 308 3890 quos
337 3811 501 3892 sperabat
531 3830 672 3891 regnum
704 3811 942 3893 perturbatum
966 3807 1010 3871 ad
1036 3817 1165 3871 statum

217 3907 371 3972 debitum
391 3918 566 3973 revocare.

543 4106 549 4138 ¹
566 4110 640 4172 1psi‚]
658 4108 769 4168 wanting
781 4108 807 4154 in
820 4106 850 4155 C.
