2978 4996
473 434 613 482 ruonns
636 434 906 485 meronmnuu.
1095 424 1160 488 217

209 589 300 672 quod
324 609 444 654 omnes
467 591 623 656 homines
639 601 741 657 terrae
759 595 852 658 illius
878 599 1064 660 secundum
1086 619 1159 662 rec·
1174 605 1295 646 ΛΜΝ·

208 699 262 753 tas
281 691 548 754 consuetudines
563 700 598 755 et
616 694 763 774 siugulis
781 693 915 758 debitas
925 696 1133 779 judicarent.

317 864 367 927 Do
381 864 484 928 reditu
500 867 579 951 repis
593 867 630 929 dr
646 866 821 930 Britannia
838 867 873 930 in
885 867 1048 952 [triplicet.

271 987 420 1052 Jacebat
447 990 579 1053 interea
607 1011 670 1053 rex
695 989 888 1072 Anglorum
917 992 1009 1072 apud
1042 993 1157 1055 urbem
1173 1004 1247 1052 flenti

212 1085 472 1151 Nannetensem
490 1109 566 1152 cum
585 1091 741 1153 exercitu
759 1109 834 1166 suo,
852 1090 937 1152 nihil
955 1110 1072 1172 agens,
1091 1093 1157 1154 nisi
1173 1058 1289 1152 lilim
1342 1113 1346 1121 ·

212 1185 304 1267 quod
333 1186 513 1251 thesauros
538 1190 763 1270 consumpsit.
830 1189 983 1252 Comites
1007 1210 1088 1255 vero
1118 1210 1159 1254 ac

210 1284 366 1363 barones,
394 1306 472 1349 cum
502 1286 696 1365 Hubertus,
722 1289 814 1369 regis
836 1288 1064 1371 justiciarius,
1091 1310 1159 1353 non

213 1385 369 1465 permisit
401 1393 440 1449 ut
466 1393 589 1450 contra
620 1386 737 1450 hostes
766 1406 864 1450 arma
892 1396 1083 1465 moverent,
1106 1389 1156 1451 fe·

213 1490 334 1546 cerunt
361 1484 451 1547 inter
480 1505 517 1549 se
549 1485 709 1549 convivia
738 1485 845 1568 juxta
878 1488 1158 1551 consuetudinem

214 1580 456 1662 Anglicanam,
482 1592 517 1647 et
540 1586 690 1666 crapulis
720 1585 946 1649 intendebant
968 1595 1003 1650 et
1027 1587 1159 1668 poculis

213 1680 255 1743 ad
286 1681 445 1759 invicem,
477 1703 518 1746 ac
547 1684 577 1746 si
609 1684 682 1747 dies
714 1683 905 1747 Natalitios
934 1685 1159 1763 celebrarent,

214 1780 301 1843 inter
324 1800 411 1862 quos
442 1783 501 1863 qui
531 1802 701 1864 pauperes
733 1790 843 1858 erant,
873 1784 975 1846 rebus
1003 1787 1160 1848 omnibus

213 1880 438 1962 consumptis,
463 1901 570 1963 equos
594 1879 833 1944 distrahebant
855 1889 889 1943 et
912 1901 1019 1958 arma,
1042 1892 1081 1946 ut
1098 1904 1159 1946 ex-

213 1977 292 2040 inde
314 1979 358 2042 ad
377 1987 512 2061 tempus
527 1981 634 2043 vitam
658 1981 821 2043 ducerent
837 1979 1018 2043 infelicem.
1065 1981 1159 2044 Tan·

213 2076 288 2140 dem
317 2098 381 2141 rex
407 2077 612 2160 Anglorum,
640 2073 774 2142 ¹mense
798 2078 953 2155 Octobri,
982 2079 1160 2162 dispositis

214 2176 315 2240 rebus
344 2179 547 2241 necessariis
576 2180 619 2242 ad
642 2179 833 2242 custodiam
858 2186 958 2242 terrae
980 2179 1085 2254 illius,
1107 2180 1160 2241 di·

215 2276 307 2340 misit
329 2276 377 2339 ibi
405 2277 532 2341 milites
555 2279 763 2359 quingentos
795 2286 830 2341 et
852 2279 944 2340 mille
970 2280 1158 2343 servientes

213 2375 467 2456 stipendiarios
503 2396 607 2458 super
645 2396 732 2458 quos
767 2377 937 2458 principes
979 2379 1159 2441 constituit

213 2474 372 2537 comitem
402 2474 546 2539 cestria
583 2475 819 2557 Ranulpbum,
840 2476 1051 2539 Willclmum
1085 2477 1160 2542 Ma·

215 2573 409 2650 rescellum,
435 2581 470 2637 et
491 2573 704 2638 Willolmum
736 2573 957 2637 Albomarlire
987 2578 1159 2653 comitem,

214 2690 291 2735 cum
307 2673 510 2753 quibusdam
529 2673 606 2736 aliis
619 2674 700 2736 viris
717 2674 943 2736 bellatoribus
957 2676 1039 2737 etin
1057 2694 1160 2756 opere

215 2772 339 2834 martio
367 2771 587 2854 praelectis3
617 2773 735 2854 sicque
766 2792 828 2834 rex
859 2791 965 2835 naves
996 2792 1159 2836 conscen-

214 2870 299 2934 dens
322 2877 403 2951 post
424 2871 573 2953 plurima
598 2873 702 2933 maris
728 2870 882 2953 pericula
906 2871 996 2951 apud
1019 2870 1161 2934 Portos-

215 2988 293 3033 mue
332 2969 501 3051 applicuit
540 2972 687 3052 septimo
729 2968 896 3033 kalendas
940 2968 1159 3033 Novembris.

216 3067 396 3132 Venerunt
421 3077 536 3133 autem
566 3070 665 3133 multi
694 3070 839 3132 diversae
869 3068 1090 3151 professionis
1116 3069 1159 3132 ad

214 3188 292 3232 eum
316 3167 470 3231 homines
493 3168 638 3231 diversis
660 3168 757 3231 illum
777 3168 910 3231 exeniis
929 3167 1158 3247 honorantes;

215 3267 273 3330 sed
297 3287 411 3332 comos
432 3267 475 3330 de
497 3267 686 3331 Gloveruia
708 3268 802 3331 etde
826 3267 928 3331 Clare
945 3261 1161 3332 ²Gilebertus

213 3366 256 3430 de
276 3369 432 3448 partibus
451 3367 519 3429 illis
543 3368 677 3430 rediens
703 3368 791 3429 diem
812 3368 937 3431 clausit
954 3375 1160 3442 extremum,

213 3465 314 3548 cujus
348 3473 515 3529 terrarum
553 3474 588 3529 et
613 3467 780 3530 bonorum
814 3469 965 3529 omnium
995 3488 1056 3531 rex
1080 3466 1161 3528 Hu-

213 3566 311 3628 berto
326 3565 521 3648 justiciario
544 3566 734 3629 custodiam
756 3567 937 3628 concessit.

249 3739 257 3771 ¹
270 3744 355 3791 Mense
373 3738 504 3809 Octobri]
523 3744 530 3770 ‘
543 3742 673 3790 Modicum
686 3742 705 3771 ²‘
719 3741 806 3788 Rediit
821 3741 846 3789 in
858 3740 976 3799 Angliam
990 3740 1057 3787 circa
1069 3739 1160 3787 festum

213 3813 249 3861 ibi
269 3811 317 3877 (sc.
339 3814 364 3860 in
382 3811 525 3875 Britannia)
541 3812 673 3873 proficiens
699 3810 818 3859 Omnium
825 3813 967 3858 sanctorum
974 3804 988 3867 ;’
999 3808 1160 3859 An.Waverl.

215 3896 330 3931 reversus
357 3886 396 3930 est
423 3897 507 3930 mense
535 3875 673 3940 Octobri;‘
699 3895 725 3940 p.
738 3882 794 3927 mr.

214 3951 306 4001 Chron.
321 3953 415 4000 Dunst.
432 3957 490 4001 201.
527 3951 674 3999 ‘Reversus
734 3942 920 4014 ’Gilebertus.]
941 3947 982 3994 He
999 3962 1053 3995 was
1071 3946 1160 3993 buried

215 4027 253 4069 ent
273 4023 298 4070 in
316 4023 437 4084 Angliam
457 4037 513 4070 cum
535 4020 610 4069 fratre
628 4034 674 4069 suo
699 4017 927 4079 atTewllesbury3
944 4017 1037 4066 Annal.
1050 4017 1160 4064 Wauerl.

214 4088 372 4153 Richard03’
404 4091 533 4153 llomingl.
562 4107 588 4152 p.
617 4095 674 4139 573.
700 4104 725 4150 p.
741 4091 796 4138 192.
