2978 4996
476 456 615 505 mouns
640 458 911 510 ursrournuuu.
1126 447 1169 512 sl

215 613 402 690 stantinuS,
430 614 482 679 vir
509 615 649 698 quidam
679 637 825 699 magnus
852 619 885 680 in
916 618 1069 696 civitate,
1090 640 1167 682 cum
1181 641 1235 682 nn.
1248 642 1303 681 1222.

214 713 366 777 tumultu
399 714 518 797 populi
550 718 757 779 sententiam
792 716 948 799 protulit,
981 726 1019 781 ut
1052 721 1169 784 omnia

214 811 362 876 aedilicia
384 814 520 878 abbatis
534 815 836 879 westmonasterii
856 824 890 879 et
906 817 1027 880 domus
1050 837 1168 882 senes·

213 910 318 974 challi
342 913 498 994 praedicti
515 914 733 978 diruerentur
754 924 789 978 et
804 916 879 978 solo
897 923 996 978 teuus
1016 918 1167 998 compla-

213 1017 392 1088 narentur,
416 1020 450 1075 et
471 1013 524 1076 his
548 1013 653 1084 dictis¹
676 1015 786 1077 exivit
811 1015 973 1091 edictum,
997 1024 1037 1078 ut
1059 1035 1167 1097 quan-

213 1110 324 1172 tocius
343 1110 562 1175 Constantini
584 1113 757 1175 senteutia
780 1114 1019 1195 compleretur.
1073 1114 1167 1192 Quid

214 1207 339 1289 plural
383 1209 627 1274 Irrationabile
649 1211 775 1293 vulgus
802 1232 879 1275 cum
907 1212 984 1275 aliis
1014 1213 1056 1275 de
1084 1215 1166 1277 civi-

214 1313 287 1370 tate
309 1308 384 1372 siue
409 1309 527 1373 ordine
551 1311 774 1392 procedentes
794 1312 896 1375 civile
921 1312 1045 1375 bellum
1073 1312 1164 1376 Con·

213 1406 368 1470 stantino
388 1411 519 1491 praevio
541 1411 797 1487 commiserunt,
814 1419 931 1493 atque,
950 1411 1067 1474 multis
1085 1413 1166 1475 sub·

215 1507 323 1568 versis
346 1507 490 1586 aedibus,
508 1509 670 1572 damnum
695 1530 763 1573 non
787 1511 957 1574 modicum
978 1511 1094 1574 abbati
1112 1512 1165 1574 in·

213 1604 378 1671 tulerunt.
430 1607 496 1671 Sed
520 1628 576 1672 res
591 1618 703 1690 gesta,
724 1629 802 1691 quae
822 1610 881 1672 diu
898 1611 1006 1673 latere
1021 1631 1089 1673 non
1107 1631 1165 1692 po·

215 1703 293 1781 tuit,
322 1725 398 1770 cum
426 1707 469 1769 ad
497 1728 598 1772 aures
625 1708 775 1772 Huberti
799 1709 842 1771 de
867 1709 998 1791 Burgo,
1024 1709 1164 1790 Angliae

208 1801 407 1884 justiciarii,
426 1808 651 1889 pervenisset,
667 1807 820 1871 collectis
835 1808 956 1888 copiis,
973 1806 1017 1870 ad
1036 1815 1163 1872 turrem

214 1900 472 1968 Loudoniarum
509 1909 675 1989 perrexit,
711 1925 753 1970 ac
782 1907 923 1968 nuntios
955 1907 1094 1969 mittens
1129 1909 1164 1970 in

212 2002 388 2067 civitatem
412 2006 588 2089 praecepit,
610 2014 648 2070 ut
664 2005 813 2089 majores
831 2012 914 2067 natu
931 2005 974 2066 ad
992 2024 1068 2067 eum
1086 2025 1163 2068 cum

212 2099 432 2167 festinatione
462 2107 645 2182 venirent;
684 2106 846 2188 quicum
877 2111 992 2167 esseut
1025 2105 1060 2166 in
1088 2105 1164 2187 ejus

213 2204 399 2283 praesentia
427 2208 619 2282 constituti,
648 2206 891 2269 sciscitabatur
926 2203 970 2266 ab
1007 2203 1069 2280 eis,
1104 2206 1163 2286 qui

212 2299 315 2365 factae
345 2303 524 2368 seditionis
560 2304 767 2388 principales
803 2310 902 2367 erant
933 2311 1091 2367 auctores
1123 2323 1164 2368 ac

212 2402 434 2467 subversores
461 2405 565 2485 regiae
591 2405 755 2482 civitatis,
783 2411 818 2467 et
843 2403 901 2485 qui
925 2423 1044 2484 pacem
1070 2404 1162 2485 regis

212 2500 397 2584 infringere
423 2512 727 2586 praesumpserant.
779 2502 879 2566 Tunc
900 2501 1163 2581 Constantinus,

214 2601 272 2681 qui
287 2609 451 2666 constans
467 2603 531 2666 fuit
547 2605 582 2666 in
600 2603 776 2679 seditione,
795 2602 1009 2666 constantior
1026 2603 1164 2667 exstitit

213 2699 248 2764 in
265 2703 499 2784 responsione,
523 2722 679 2766 assereus
702 2722 739 2765 se
762 2702 846 2764 illud
865 2701 994 2763 factum
1012 2719 1163 2763 warran-

211 2800 408 2878 tinaturum,
441 2810 547 2884 atque
579 2802 796 2865 audientibus
826 2800 959 2863 cunctis
983 2800 1163 2879 conqueri·

213 2908 270 2963 tur
287 2902 453 2965 seminus
470 2903 592 2965 secisse
611 2921 712 2984 quam
735 2901 778 2963 de
791 2900 871 2983 jure
889 2898 960 2960 fieri
976 2897 1161 2962 debuisset.

212 2999 263 3063 At
283 3000 510 3082 justiciarius
533 3002 652 3064 audita
674 3000 750 3084 ejus
772 2998 997 3074 consessione,
1021 2996 1163 3060 retinuit

213 3118 290 3162 eum
307 3101 437 3183 absque
453 3103 545 3165 omni
560 3101 721 3176 tumultu,
738 3108 772 3163 et
787 3101 875 3163 duos
894 3097 981 3160 alios
1003 3116 1081 3159 cum
1099 3116 1160 3173 eo;

211 3208 259 3275 et,
289 3200 381 3263 sacto
413 3219 526 3277 mane,
558 3200 650 3263 misit
684 3200 878 3263 Falcasium
910 3216 988 3259 cum
1020 3197 1162 3259 armatis

212 3297 330 3361 multis
352 3318 414 3381 per
440 3300 671 3363 Thamensem
695 3298 849 3374 fluvium,
877 3298 937 3379 qui
962 3295 1163 3359 Constanti-

212 3380 293 3460 num
331 3398 532 3481 praedictum
572 3399 614 3462 ad
654 3398 875 3480 suspendium
914 3396 1162 3477 perduxerunt.

214 3496 301 3560 Cum
324 3505 439 3562 autem
463 3499 623 3581 laqueum
647 3499 737 3561 collo
761 3517 824 3561 suo
848 3495 1045 3578 appositum
1069 3501 1104 3557 et
1125 3513 1163 3556 se

211 3597 305 3660 omni
322 3598 453 3661 auxilio
469 3598 672 3661 destitutum
690 3596 941 3679 conspexisset,
957 3592 1083 3655 obtulit
1100 3611 1163 3671 pro

211 3696 285 3761 vita
310 3696 468 3760 habenda
495 3697 688 3780 quindecim
719 3696 826 3759 millia
854 3711 989 3756 marcas
1015 3691 1163 3771 argenti,

211 3795 272 3859 sed
291 3796 375 3859 nihil
393 3798 532 3860 omnino
548 3797 703 3878 profecit.
756 3796 953 3876 Suspensus
976 3797 1090 3853 autem
1110 3798 1163 3853 est

210 3896 269 3959 ille
301 3904 336 3959 et
367 3896 617 3960 Constantinus
650 3914 757 3978 nepos
788 3894 876 3976 ejus,
904 3910 982 3953 cum
1013 3888 1162 3970 quodam

211 3994 393 4071 Gaufrido,
427 3997 487 4078 qui
517 3996 665 4060 edictum
699 3990 919 4058 Constantini
953 3989 988 4051 in
1022 3985 1164 4052 civitate

208 4181 249 4230 sor
270 4187 314 4230 not
332 4180 451 4244 lullilliug
468 4182 511 4231 the
533 4181 674 4231 conditione
699 4179 749 4227 and
773 4178 871 4239 Heury,
892 4191 923 4224 on
946 4174 1046 4235 coming
1068 4176 1094 4221 to
1119 4171 1162 4220 the

208 4250 239 4300 ol
257 4251 300 4300 the
326 4256 407 4313 treaty
432 4253 547 4301 between
575 4250 679 4300 himsul
700 4249 797 4300 throne.

263 4343 340 4389 VOL.
366 4342 414 4391 lv.
990 4336 1010 4380 G
