2978 4996
478 419 617 466 ruerus
641 420 910 470 rrrsrorunauu.
1126 410 1171 471 99

212 577 249 633 et
272 590 347 634 eam
376 574 441 635 sub
466 574 624 637 custodia
645 574 812 639 Willelmi
837 576 976 639 comitis
999 577 1041 639 de
1065 577 1304 642 War-A·1>·¹²²⁴·

212 687 322 733 renna
337 670 529 752 deputavit.
578 672 668 752 Regi
687 692 780 748 vero,
804 694 867 755 pro
886 675 1021 754 magnis
1042 676 1168 739 labori-

212 767 279 829 bus
311 769 384 832 suis
414 776 449 833 et
476 772 651 851 expensis,
681 779 752 834 tarn
782 790 804 834 a
828 771 984 852 praelatis
1012 793 1116 854 quam
1145 794 1166 838 a

213 865 313 928 laicis
343 886 543 932 concessum
571 875 625 931 est
648 888 711 950 per
736 878 845 932 totam
874 867 1039 951 Angliam
1066 891 1165 935 caru·

214 965 364 1044 cagium,
381 965 423 1029 de
442 967 594 1048 qualibet
615 986 741 1030 caruca
759 967 837 1030 duae
861 987 985 1032 marcae
1005 971 1164 1049 argenti;

213 1065 434 1142 magnatibus
456 1065 539 1127 item
562 1066 732 1129 concessit
755 1084 818 1128 rex
841 1067 1051 1146 scutagium,
1072 1067 1165 1131 vide-

213 1158 296 1223 licet
321 1161 364 1224 de
391 1171 491 1226 scuto
518 1163 673 1245 quolibet
697 1163 784 1227 duas
818 1182 952 1227 marcas
981 1165 1164 1246 sterlingo-

215 1276 314 1334 rum;
339 1265 375 1322 et
388 1261 438 1322 sic
454 1280 572 1326 omnes
590 1261 633 1324 ad
650 1263 790 1343 propria
807 1270 1032 1326 recesserunt.
1079 1262 1165 1326 Cas-

215 1354 335 1418 tellum
354 1377 491 1439 quoque
510 1359 595 1422 illud
622 1360 703 1423 iecit
722 1380 782 1422 rex
803 1360 1015 1441 complanari
1036 1369 1072 1424 et
1089 1362 1165 1424 red-

213 1453 265 1532 igi
286 1454 321 1516 iu
348 1474 502 1532 acervoS,
529 1465 634 1539 atque
658 1459 779 1522 domos
805 1458 900 1521 dedit
924 1458 1098 1522 Willelmo
1121 1460 1164 1523 de

215 1551 463 1636 Bellocampo,
481 1563 515 1619 et
529 1556 643 1619 locum
661 1576 738 1619 cum
755 1556 908 1621 aedificiis
924 1557 1103 1621 universis.

215 1722 360 1786 comosa
381 1732 423 1786 est
440 1725 506 1808 rapi
519 1723 694 1809 deplora-m
711 1726 940 1808 quintodecimo
955 1748 1038 1809 pars
1059 1749 1165 1791 reram

603 1821 772 1885 mobilium.
1030 1827 1036 1838 '

265 1934 369 1999 Anno
389 1935 533 1999 Domini
554 1953 720 2000 uchXV.
745 1955 807 1998 rex
828 1934 1002 1999 Heuricus
1025 1936 1068 1998 ad
1088 1938 1123 2001 N
1127 1957 1163 2000 a·
1175 1961 1230 2000 an.
1242 1963 1298 2002 rm.

1175 2010 1275 2050 Taxes·

215 2032 286 2095 tale
304 2034 416 2097 tenuit
433 2035 562 2098 curiam
580 2053 677 2097 suam
696 2034 787 2115 apud
804 2034 1163 2111 westmonasterium,
1173 2059 1271 2099 anana

215 2132 443 2210 praesentibus
479 2132 570 2196 clero
606 2139 641 2196 et
667 2132 796 2214 populo
830 2150 907 2194 cum
943 2133 1162 2212 magnatibus
1174 2108 1301 2199 lllffill..

214 2229 377 2308 regionis.
430 2224 661 2315 ¹Solennitate
688 2231 806 2311 igitur,
835 2239 874 2293 ut
895 2229 1050 2306 decebat,
1072 2250 1163 2294 com·

215 2327 322 2410 pleta,
343 2328 525 2391 Hubertus
549 2328 591 2391 de
614 2327 745 2408 Burgo,
763 2328 893 2390 domini
911 2330 1003 2409 regis
1023 2329 1162 2413 justici-

215 2426 323 2503 arius,
346 2446 390 2489 ex
418 2433 517 2507 parte
539 2425 691 2509 ejusdem
721 2427 812 2506 regis
839 2428 1018 2508 proposuit
1044 2448 1159 2492 coram

214 2523 494 2606 archiepiscopis,
529 2523 712 2605 episcopis,
748 2524 941 2600 comitibus,
976 2526 1161 2590 baronibus

214 2631 251 2686 et
275 2622 352 2685 aliis
379 2622 550 2685 universis
581 2621 708 2685 damna
736 2632 772 2685 et
796 2622 952 2704 injurias,
978 2641 1056 2703 quae
1086 2626 1160 2705 regi

213 2720 466 2784 illatafuerant
483 2719 519 2782 in
537 2721 692 2801 partibus
706 2719 957 2794 transmarinis,
975 2740 1017 2782 ex
1035 2721 1159 2800 quibus

215 2838 285 2882 non
307 2818 418 2882 solum
440 2838 513 2895 rex,
538 2818 598 2880 sed
620 2824 655 2881 et
675 2818 818 2881 comites
836 2816 934 2879 multi
953 2835 994 2879 ac
1013 2817 1159 2883 barones

215 2924 297 2980 suut
318 2916 530 2980 exhaeredati
555 2935 633 2979 cum
657 2916 755 2997 ipso;
784 2921 831 2991 et,
857 2934 935 2977 cum
958 2915 1160 2980 multisunt

212 3016 250 3078 in
279 3034 397 3090 causa,
427 3014 614 3078 multorum
644 3013 827 3078 subventio
858 3013 924 3076 erit
953 3015 1158 3089 necessaria,

214 3112 323 3177 Petiit
354 3132 436 3194 ergo
470 3113 515 3177 ab
549 3113 708 3176 omnibus
743 3112 923 3176 consilium
961 3111 1091 3192 pariter
1124 3122 1159 3177 et

212 3212 394 3286 auxilium,
411 3211 536 3292 quibus
553 3229 682 3274 corona
697 3209 834 3292 Angliae
849 3210 1036 3291 dignitates
1057 3212 1160 3274 amis-

212 3328 271 3372 sas
301 3328 341 3372 ac
368 3309 451 3392 jura
480 3316 598 3390 posset
624 3309 771 3390 pristina
803 3328 991 3387 revocare3
1025 3308 1158 3373 adhoc

213 3426 351 3488 quoque
378 3407 479 3488 plene
499 3406 756 3489 perficiendum,
777 3407 851 3487 regi
874 3406 1027 3469 sufficere
1050 3407 1159 3470 credi-

212 3505 277 3581 dit,
311 3507 341 3567 si
378 3506 409 3568 ei
444 3504 698 3587 quintadecima
737 3523 818 3586 pars
855 3506 1007 3568 omnium
1043 3523 1158 3568 rerum

247 3675 255 3707 ¹
268 3677 448 3740 amitere]
467 3677 522 3727 'l'he
538 3678 673 3727 directions
696 3691 772 3737 urges
783 3676 825 3725 the
837 3676 909 3738 king,
920 3677 1031 3724 ‘utcum
1040 3675 1157 3723 vassallis

210 3751 236 3796 to
247 3746 290 3795 the
296 3747 453 3809 justiciaries
464 3761 494 3796 as
504 3752 530 3795 to
540 3746 583 3796 the
599 3747 672 3795 mode
696 3747 749 3794 tuis
766 3760 816 3792 non
835 3757 914 3805 ponas
932 3743 978 3792 hoc
990 3748 1101 3803 tempme
1118 3758 1157 3791 ra·

210 3816 242 3865 of
260 3816 394 3877 collecting
416 3815 468 3865 this
494 3821 538 3865 tax
560 3830 619 3876 may
641 3817 673 3864 be
697 3816 799 3875 tionem,
807 3827 854 3862 nec
864 3826 908 3862 eos
916 3812 1156 3873 superrestitutioue

210 3899 272 3934 seen
291 3886 318 3933 in
337 3886 440 3946 Rymer,
457 3900 484 3947 p.
503 3889 567 3945 1⁷⁷3
586 3885 674 3935 imme·
698 3889 797 3931 tuorum
816 3881 961 3931 reddituum
983 3879 1155 3940 scandalizes3

209 3953 307 4014 diately
317 3953 447 4015 following
457 3953 542 4002 which
559 3954 674 4002 isabull
699 3951 744 4001 sed
766 3951 822 3999 haec
844 3954 871 3998 et
888 3949 949 4010 alia,
971 3964 1029 4010 qua
1051 3954 1157 4010 possunt

209 4023 274 4072 from
285 4022 328 4072 the
339 4036 405 4085 pope
416 4027 442 4071 to
453 4022 496 4071 the
507 4022 579 4085 king,
590 4023 673 4083 ‘quod
699 4019 845 4070 scandalum
873 4032 1001 4080 generare,
1021 4018 1158 4079 prudenter

210 4093 296 4142 dictim
315 4106 360 4140 rex
382 4091 519 4153 prudenter
536 4105 563 4141 se
582 4091 674 4141 habeat
699 4092 725 4138 in
737 4094 837 4151 tempus
851 4088 953 4137 differas
971 4083 1156 4149 opportunum.⁸

208 4176 272 4224 erga
290 4175 352 4211 suos
369 4160 512 4211 vassallos!
554 4161 586 4209 ln
604 4163 626 4209 it
641 4160 673 4209 he
1037 4230 1053 4273 ᾖ

1008 4239 1024 4273 rr
