2978 4996
370 422 435 487 lau
631 437 765 486 nooaar
790 438 837 485 na
860 437 1067 486 wnunovan

209 611 265 651 An
276 612 334 650 ¹²²0
374 594 579 659 Avioionem
605 594 794 670 venientes,
816 613 894 676 quae
918 593 1042 657 civitas
1067 592 1230 674 proxima
1249 592 1317 656 illis

210 661 244 749 A
231 711 317 760 anon
372 702 448 759 erat
471 694 514 758 de
539 701 713 806 potestate
740 693 876 757 comitis
899 692 1102 774 supradicti,
1130 710 1320 774 proposue-

374 801 454 857 runt
478 813 553 857 eam
583 793 678 875 prius
711 793 876 874 impetere
901 791 1009 856 etsie
1032 798 1158 854 terram
1183 791 1319 854 comitis

375 902 484 957 totam
511 893 555 956 ab
580 893 678 955 initio
704 909 815 973 usque
840 891 885 953 ad
910 891 1012 954 finem
1039 908 1116 953 cum
1145 889 1320 953 habitato-

374 993 469 1055 ribus
500 991 575 1075 ejus
609 990 746 1068 delere;
777 990 837 1053 ubi
871 1009 934 1053 rex
966 997 1002 1052 et
1029 988 1180 1070 legatus,
1208 996 1318 1052 traus-

374 1091 462 1155 itum
497 1088 651 1155 civitatis
685 1089 720 1152 in
755 1088 835 1152 dolo
866 1107 889 1151 a
928 1088 1061 1152 civibus
1091 1087 1320 1170 postulantes,

374 1189 541 1253 dixerunt
562 1208 600 1252 se
623 1188 705 1252 illuc
729 1187 872 1270 pacifice
898 1187 1092 1263 advenisse,
1120 1194 1157 1250 et
1177 1205 1248 1250 non
1276 1187 1320 1250 ob

375 1288 470 1352 aliud
496 1287 648 1351 civitatis
675 1287 860 1350 transitum
883 1286 1092 1368 postulasse,
1117 1284 1184 1348 nisi
1207 1294 1248 1349 ut
1265 1285 1318 1349 iti-

376 1388 467 1450 neris
490 1384 730 1467 compendium
760 1392 997 1467 sequerentur.
1050 1384 1154 1448 Cives
1181 1404 1319 1467 quoque

375 1503 480 1566 super
510 1483 584 1546 haec
610 1483 847 1565 colloquentes
875 1483 978 1547 fidem
1005 1502 1122 1547 eorum
1156 1485 1319 1548 assertio·

376 1584 478 1646 nibus
515 1602 584 1646 non
623 1581 802 1660 dederunt,
836 1583 1001 1659 dieenteS,
1035 1582 1128 1664 quod
1168 1581 1248 1665 plus
1284 1584 1319 1645 in

375 1681 468 1757 dolo,
492 1701 596 1763 quam
624 1700 687 1763 pro
715 1682 781 1746 viae
813 1681 1029 1764 compendio,
1057 1681 1246 1762 exigebant
1269 1682 1321 1745 in·

376 1782 518 1844 troitum
545 1781 709 1845 civitatis.
775 1779 825 1846 At
853 1801 915 1844 rex
946 1781 984 1844 in
1017 1779 1169 1844 furorem
1201 1800 1321 1845 versus

371 1879 506 1963 juravit
527 1899 565 1943 se
591 1880 671 1943 inde
694 1899 762 1943 non
785 1899 1012 1956 recessurum,
1034 1878 1144 1944 donec
1167 1898 1322 1962 eompre-

377 1978 541 2043 henderet
567 1980 755 2055 civitatem,
785 1987 830 2054 et,
859 1978 1026 2042 machinis
1058 1979 1094 2040 in
1122 1978 1209 2042 locis
1239 1997 1320 2042 oon-

376 2080 473 2159 gruis
501 2078 692 2154 collocatis,
719 2077 828 2160 jussit
849 2079 967 2140 urbem
999 2077 1124 2140 acriter
1152 2077 1321 2142 infestari.

378 2177 437 2241 Fit
471 2177 579 2257 igitur
611 2175 656 2239 ad
684 2176 862 2240 civitatem
899 2175 1053 2239 assultus
1084 2175 1321 2257 gravissimus,

376 2276 457 2339 dum
479 2272 644 2356 petraria,
665 2274 804 2350 balista,
826 2274 952 2349 scrofa,
974 2281 1085 2351 catus,
1112 2293 1226 2353 arcus,
1242 2276 1321 2340 sun·

376 2373 434 2449 da,
458 2373 563 2448 ensis,
585 2372 718 2450 lancea,
745 2380 893 2450 sontum,
922 2373 1036 2454 galea,
1064 2375 1180 2450 umbo,
1210 2375 1321 2451 clara,

375 2471 494 2548 lorica,
514 2471 658 2554 sagitta,
680 2472 857 2536 hincinde
879 2473 963 2554 quid
982 2472 1110 2548 valeat,
1132 2475 1319 2555 experitur.

376 2570 406 2633 E
435 2578 566 2647 contra,
598 2572 735 2647 civitas,
767 2578 849 2636 unte
882 2570 955 2635 dies
987 2571 1065 2636 illos
1094 2572 1138 2634 ab
1170 2572 1320 2636 bostium

375 2671 493 2734 cuneis
515 2690 656 2753 prorsus
687 2671 876 2751 incognita,
899 2670 1052 2746 fossatis,
1075 2671 1223 2749 moeniis,
1246 2680 1318 2736 tur·

375 2771 482 2846 ribuS,
511 2768 782 2852 propugnaculis
812 2768 855 2831 de
888 2768 984 2846 soris,
1010 2770 1105 2833 intus
1141 2769 1320 2847 militibus,

374 2870 599 2933 servientium
632 2868 796 2944 millibus,
824 2867 922 2949 equis
949 2875 984 2931 et
1010 2868 1126 2945 armis,
1148 2869 1320 2950 lapidibus

374 2967 612 3050 comportatis,
629 2966 797 3030 machinis
819 2972 854 3030 ot
870 2967 1058 3048 repagulis,
1074 2968 1179 3032 etiam
1196 2969 1232 3031 in
1250 2971 1320 3034 vio·

375 3065 528 3128 tualibus
556 3064 694 3142 referta,
727 3064 877 3129 hostium
911 3067 1227 3148 supervenientium
1253 3088 1319 3132 non

375 3163 519 3243 expavit
542 3163 738 3242 incursum3
771 3164 968 3228 defensores
999 3164 1089 3228 enim
1113 3167 1208 3230 urbis
1234 3168 1320 3250 lapi·

375 3258 436 3323 des
459 3278 522 3341 pro
547 3258 732 3342 lapidibus,
754 3263 825 3328 tela
850 3283 913 3345 pro
940 3263 1030 3340 telis,
1051 3263 1154 3328 sudes
1176 3285 1240 3347 pro
1261 3287 1320 3330 su-

374 3357 487 3435 dibus,
504 3359 624 3441 jaoula
649 3381 712 3442 pro
735 3362 875 3444 jaculis,
898 3362 1085 3426 animosius
1107 3365 1320 3430 remittentes

374 3455 519 3522 vulnera
536 3457 732 3540 Galligenis
752 3460 911 3527 lethifera
929 3461 1134 3526 inserebant.

531 3634 581 3697 Do
595 3633 784 3698 mortalitate
800 3644 827 3698 et
835 3635 927 3719 forno
944 3635 979 3699 iu
995 3633 1156 3699 obsidione.

424 3754 582 3840 Cumque
607 3777 669 3840 per
691 3765 827 3839 tempus
857 3758 1042 3839 plurimum
1064 3758 1323 3841 protraheretur

210 3831 321 3912 ‘⁰¹:¹⁸e'n.
341 3833 353 3861 ⁰
372 3856 518 3933 obsidio,
544 3856 783 3921 deficientibus
812 3857 997 3933 alimentis,
1020 3858 1122 3940 periit
1144 3858 1320 3924 hominnm

371 3955 551 4020 innumera
582 3957 794 4038 multitudo;
825 3976 940 4021 comes
970 3957 1060 4020 enim
1089 3956 1322 4037 TholosanuS,

370 4062 411 4117 ut
427 4055 575 4118 bellator
597 4057 837 4137 peritissimus,
853 4064 934 4121 ante
957 4056 1168 4120 Francorum
1192 4059 1322 4125 adven-

371 4160 444 4215 tum
471 4153 587 4216 omnia
618 4154 858 4220 alimentorum
891 4176 1032 4238 genera,
1064 4177 1142 4222 cum
1169 4160 1323 4238 senibus,
