2978 4996
402 428 467 492 120
659 442 792 490 nouum
816 441 864 489 nn
889 439 1098 490 wranovua

432 677 521 758 Quod
536 676 652 763 locatae
666 677 752 741 dedit
761 671 1018 762 procuratoribus
1032 673 1067 737 iro
1084 671 1154 738 dolo
1170 672 1328 738 licentiam

800 775 968 839 moedocdi.

244 919 300 960 nn.
311 920 367 959 nro.
457 901 544 965 Post
559 900 634 964 haec
653 900 790 981 legatus
810 897 904 963 dedit
922 899 958 960 in
973 896 1052 961 dolo
1075 897 1357 979 procuratoribus

243 969 363 1070 mis
406 1000 636 1084 capitulorum
655 998 830 1062 licentiam
847 997 890 1061 ad
909 996 1049 1079 propria
1071 995 1280 1072 revertendi,
1303 1016 1358 1060 ra·

407 1102 511 1165 tentis
529 1106 664 1164 tantum
681 1097 961 1178 archiepiscopis,
984 1096 1155 1178 episcopis
1170 1102 1205 1158 et
1220 1095 1357 1159 abbati·

406 1201 469 1263 bus
498 1206 535 1263 et
553 1197 765 1280 simplicibus
791 1195 966 1278 praelatis3
991 1194 1081 1258 unde
1097 1214 1166 1258 non
1182 1194 1355 1258 immerito

405 1300 607 1373 timuerunt,
623 1315 666 1359 ne
682 1303 869 1377 procurata
885 1313 1002 1358 eornm
1018 1294 1185 1372 absentia,
1207 1294 1267 1375 qui
1284 1312 1358 1356 ma-

401 1397 491 1480 joris
508 1396 700 1478 prudentiae
715 1403 814 1458 erant
830 1403 866 1458 et
880 1393 1116 1476 experientiae,
1131 1400 1167 1456 et
1183 1412 1255 1475 prae
1269 1393 1358 1456 mul-

407 1495 554 1560 titudine
580 1494 793 1578 potentiores
816 1495 860 1557 ad
883 1491 1201 1569 contradicendum,
1223 1492 1354 1574 aliquid

405 1601 619 1659 statueretur
644 1593 680 1657 iu
703 1592 941 1677 praejudicium
973 1592 1166 1656 absentium
1194 1591 1357 1674 praelato-

406 1713 495 1756 rum.
547 1691 721 1770 Quocirca
746 1692 829 1756 dicti
856 1698 1096 1774 procuratores
1123 1698 1203 1772 post
1226 1690 1355 1754 delibe-

405 1793 574 1856 rationem
596 1792 765 1855 diutinam
788 1792 955 1855 miserunt
976 1791 1021 1854 ad
1047 1791 1199 1871 legatum
1228 1809 1353 1872 procu·

404 1899 539 1955 ratores
553 1891 897 1973 metropolitanarum
913 1890 1147 1966 ecclesiarum,
1161 1888 1221 1971 qui
1236 1907 1352 1953 coram

404 2011 445 2055 eo
466 1990 663 2074 hujusmodi
685 1991 935 2072 allegaverunt,
956 1995 965 2023 ⁴
982 1988 1143 2065 Domine,
1160 1987 1355 2052 audivimus

405 2091 497 2173 quod
514 2090 649 2154 habetis
666 2090 786 2152 literas
801 2088 969 2171 speciales
986 2107 1007 2152 a
1022 2088 1118 2151 curia
1134 2087 1296 2151 Romana
1311 2087 1355 2153 de
1381 2098 1386 2107 '

404 2189 608 2253 exhibendis
634 2188 828 2269 praebendis
850 2189 886 2251 in
910 2188 1070 2251 omnibus
1093 2187 1247 2251 ecclesiis
1271 2206 1355 2252 con·

405 2288 625 2351 ventualibus
656 2288 729 2350 sive
760 2286 1043 2366 cathedralibus;
1073 2286 1236 2368 quocirca
1266 2288 1357 2351 mul·

405 2396 479 2449 tum
504 2387 679 2463 miramur,
706 2386 797 2468 quod
821 2405 890 2451 non
916 2387 952 2449 in
973 2386 1038 2449 hoc
1060 2385 1205 2449 consilio
1229 2405 1356 2468 propo-

404 2484 524 2547 suistis
551 2504 622 2561 eas,
650 2486 748 2550 nobis
780 2485 1012 2562 audientibus,
1041 2503 1128 2566 quos
1158 2485 1356 2566 specialiter

404 2591 563 2664 tangunt.
618 2584 720 2649 Unde
750 2603 912 2666 rogamus
940 2584 976 2647 in
1004 2584 1166 2661 Domino,
1191 2603 1234 2647 ne
1258 2585 1353 2649 istud

403 2683 605 2748 scandalum
624 2685 756 2748 oriatur
773 2704 835 2766 per
855 2703 918 2748 vos
941 2683 977 2746 iu
996 2683 1141 2747 ecclesia
1157 2682 1354 2762 Gallicana,

405 2783 565 2861 scientes,
578 2783 669 2867 quod
683 2785 758 2848 sine
775 2783 926 2847 maximo
939 2782 1103 2847 scandalo
1118 2791 1155 2846 et
1166 2782 1354 2847 iuaestima-

403 2883 464 2945 bili
486 2884 615 2948 damno
631 2903 700 2948 non
723 2890 841 2966 posset
864 2882 920 2946 hic
943 2881 986 2945 ad
1009 2880 1165 2945 effectum
1190 2880 1352 2963 perduci;

404 2983 496 3062 quia,
528 2991 603 3047 esto
631 2983 724 3064 quod
751 2981 876 3064 aliquis
901 2981 1097 3057 assentiret,
1122 2980 1237 3045 nullus
1261 2991 1353 3047 esset

404 3080 479 3162 ejus
501 3100 663 3143 assensus
678 3082 714 3143 in
729 3082 844 3158 rebus,
859 3100 937 3163 quae
955 3099 1073 3143 omnes
1090 3086 1252 3162 tangunt,
1274 3100 1353 3146 cum

403 3179 475 3240 fere
499 3197 618 3242 omncs
645 3179 806 3263 majores,
835 3187 871 3243 et
893 3179 1100 3261 generaliter
1124 3200 1242 3244 omnes
1270 3182 1352 3245 sub-

403 3277 478 3352 diti,
500 3296 632 3341 necnon
656 3281 782 3362 etipse
804 3299 866 3342 rex
889 3287 924 3344 et
950 3297 1068 3343 omnes
1090 3279 1264 3362 principes
1286 3299 1351 3361 pa·

403 3377 470 3439 rati
486 3383 569 3440 sunt
583 3378 818 3442 contradicere
834 3387 870 3443 et
887 3379 1046 3442 resistere
1060 3398 1170 3461 usque
1192 3379 1237 3441 ad
1259 3380 1352 3462 oapi-

403 3476 448 3539 tis
476 3476 726 3558 expositionem
750 3486 786 3542 et
808 3479 918 3541 omnis
940 3477 1080 3541 honoris
1110 3478 1350 3560 privationem,

403 3577 594 3657 praesertim
626 3597 703 3640 cum
730 3578 889 3641 videatur
917 3577 1094 3640 imminere
1121 3584 1264 3660 propter
1287 3577 1354 3643 hoc

402 3676 602 3739 scandalum
619 3677 799 3741 subversio
824 3677 921 3757 regni
939 3684 975 3740 et
990 3675 1145 3740 ecclesiae
1169 3678 1353 3757 generalis.

404 3773 510 3838 Ratio
534 3784 649 3839 autem
673 3777 782 3839 nostri
805 3776 937 3839 timoris
961 3785 1026 3852 est,
1045 3774 1136 3856 quod
1155 3794 1234 3838 cum
1249 3784 1354 3841 caete·

402 3875 449 3937 ris
466 3877 581 3957 regnis
600 3895 670 3939 uon
688 3874 856 3939 habuistis
874 3894 1076 3949 sermonem,
1094 3882 1130 3938 et
1144 3875 1352 3956 quibusdam

402 3976 573 4056 episcopis
596 3975 811 4057 praecepistis
830 3981 865 4038 et
885 3975 1080 4051 abbatibus,
1097 3982 1147 4051 ut,
1164 3993 1243 4038 cum
1262 3995 1352 4057 prae·

402 4072 522 4135 bendae
546 4075 758 4151 vacaverint,
781 4073 825 4138 ad
852 4093 940 4156 opus
964 4073 1093 4137 domini
1117 4093 1217 4157 papae
1245 4094 1356 4139 reser-

401 4170 506 4235 vent'
