2978 4996
295 637 350 676 Μ).
361 637 417 703 md.

294 687 340 726 The
348 697 401 735 pope
408 697 419 725 ι

293 746 383 775 cantura
391 735 414 773 ol

295 786 333 825 the
341 795 443 834 emperor.

455 450 520 514 lau
709 463 842 511 nonani
868 461 915 509 na
938 461 1145 510 wunnovnu

455 621 556 702 grini,
574 621 633 683 sed
651 627 689 683 nt
707 620 894 703 Templarii
913 627 946 682 et
960 618 1204 701 Hospitalarii,
1218 638 1255 682 se
1273 619 1310 681 in
1327 639 1405 701 per-

455 728 596 801 petuum
624 719 804 800 obligaret.
856 718 1170 801 Appropinquante
1194 718 1313 799 itaque
1339 727 1407 783 ter-

456 820 547 882 mino
574 818 764 901 praelibato,
791 818 898 900 coepit
923 819 1165 881 excusationes
1194 817 1404 898 multiplices

456 918 681 998 praetendere,
703 936 741 979 se
764 918 807 979 ad
830 918 1014 980 transitum
1038 935 1196 979 asserens
1214 935 1283 979 non
1301 935 1405 997 para·

457 1024 550 1095 tum;
568 1025 613 1094 et,
632 1024 672 1080 ut
686 1016 799 1079 denuo
815 1016 982 1079 trinorum
998 1015 1064 1077 sibi
1081 1015 1221 1078 daretur
1237 1016 1405 1078 terminus

457 1135 637 1192 annorum,
651 1115 797 1197 grandia
819 1114 945 1179 obtulit
962 1113 1128 1195 obsequia
1147 1121 1249 1176 terrea
1272 1124 1406 1178 sanctae

456 1235 534 1279 cum
551 1215 820 1297 obligationibus
834 1214 920 1277 satis
932 1213 1079 1294 magnis.
1105 1211 1310 1293 Apostolica
1323 1233 1407 1276 vcro

456 1316 568 1392 sedes,
584 1334 639 1390 ne,
656 1314 764 1377 tantis
779 1312 955 1376 laboribus
978 1310 1168 1375 exsufflatis
1187 1319 1222 1375 et
1236 1311 1409 1375 inutiliter

456 1415 507 1478 sic
523 1413 713 1488 exhaustis,
724 1419 833 1475 toturn
850 1409 1096 1474 dissolveretur
1113 1411 1301 1491 negotium,
1312 1411 1407 1492 quod

456 1511 537 1576 huic
552 1512 699 1593 principi
722 1517 801 1591 post
820 1509 1014 1573 Romanam
1033 1509 1212 1572 ecclesiam
1232 1511 1406 1591 principa-

456 1610 523 1672 lius
547 1610 778 1684 incumbebat,
800 1608 920 1672 habito
946 1607 1094 1689 plurium
1112 1606 1351 1689 episcoporum
1368 1617 1406 1673 et

457 1709 600 1771 aliorum
619 1709 772 1771 virorum
796 1707 950 1781 consilio,
979 1706 1022 1768 de
1045 1706 1326 1786 contingentibus
1354 1708 1404 1770 nil

457 1808 631 1882 omittens,
647 1804 877 1870 venerabilem
900 1804 1040 1867 fratrem
1064 1813 1221 1868 nostrum
1244 1803 1404 1869 Pnlna-

457 1925 596 1969 nensem
623 1907 835 1988 episcopum,
861 1911 897 1966 et
915 1904 1016 1966 bonae
1040 1904 1211 1966 memoriae
1236 1901 1281 1966 G.
1301 1904 1406 1968 titulo

457 2007 569 2069 sancti
588 2005 731 2068 Martini
756 2003 995 2085 presbyterum
1010 2000 1231 2077 cardinalem,
1255 2001 1297 2064 ad
1321 2021 1406 2067 con·

458 2104 626 2167 firmanda
642 2104 713 2177 illa,
731 2122 809 2185 quoe
823 2102 1010 2183 imperator
1027 2119 1089 2181 pro
1110 2101 1220 2163 crucis
1238 2101 1406 2183 obsequio

457 2211 671 2284 spontancus
679 2201 914 2284 promittebat,
924 2199 1125 2263 transmisit.
1149 2199 1303 2281 Cumque
1312 2201 1407 2283 apud

457 2310 614 2365 sanctum
647 2299 858 2363 Germanum
890 2317 967 2362 cum
1001 2298 1156 2380 pluribus
1188 2297 1406 2364 Alemanniae

457 2399 668 2481 principibus
691 2398 821 2480 pariter
842 2398 1097 2474 convenissent,
1118 2398 1305 2480 imperator
1326 2418 1407 2480 pru-

456 2500 533 2578 pria
563 2517 666 2560 rnanu
690 2497 835 2580 juravit,
861 2497 953 2579 quod
981 2497 1061 2559 inde
1087 2495 1130 2560 ad
1156 2497 1344 2574 biennium,
1370 2498 1405 2561 id

457 2604 511 2660 est
538 2598 573 2660 in
606 2597 768 2680 passagio
794 2595 948 2677 Augusti
978 2615 1070 2659 nunc
1098 2596 1257 2677 proximo
1290 2603 1404 2659 trans-

457 2704 548 2774 acto,
568 2697 661 2760 omni
687 2695 910 2760 excusatione
933 2704 969 2759 et
990 2694 1155 2758 dilatione
1177 2696 1405 2772 cessantibus,

458 2796 709 2872 transfretaret,
727 2795 819 2858 mille
843 2795 968 2858 milites
990 2794 1115 2858 ibidem
1141 2814 1203 2876 per
1228 2794 1403 2857 biennium

457 2901 589 2960 teneret
610 2896 653 2958 ad
681 2914 781 2958 suum
809 2893 1017 2976 stipendium
1040 2912 1102 2975 pro
1124 2892 1277 2955 subsidio
1302 2900 1403 2956 terrae

456 3003 599 3070 sanctae,
626 3001 763 3058 centum
788 2991 896 3056 millia
924 2993 1101 3055 unciarum
1130 2992 1218 3067 auri,
1245 2991 1280 3053 in
1304 2992 1404 3074 qnin-

457 3113 523 3174 que
547 3093 720 3176 passagiis
740 3098 823 3154 tunc
849 3093 1007 3173 proximo
1033 3091 1170 3167 futuris,
1193 3089 1275 3153 illuc
1298 3091 1404 3154 desti·

456 3199 555 3256 naret
572 3192 675 3255 certis
691 3191 901 3271 assignanda
915 3191 1081 3272 personis.
1130 3189 1176 3252 Et
1192 3197 1275 3252 tunc
1291 3189 1402 3252 cardi-

456 3290 552 3353 nales
570 3290 772 3372 presbyteri,
789 3289 831 3351 de
845 3289 1061 3371 imperatoris
1076 3307 1257 3363 consensu,
1275 3287 1310 3350 in
1325 3307 1405 3351 cou-

455 3397 574 3470 spectu
592 3389 782 3471 principum
800 3406 841 3450 ac
858 3387 975 3470 populi
991 3387 1257 3462 circumstantie,
1268 3405 1404 3450 excom-

456 3488 697 3551 municationis
712 3486 918 3550 sententiam
938 3486 1075 3569 publice
1090 3486 1296 3550 auctoritate
1313 3486 1404 3549 sedis

456 3587 655 3668 apostolicae
677 3586 907 3669 protulerunt,
930 3586 965 3648 in
986 3605 1089 3666 quam
1112 3585 1277 3649 incideret
1296 3584 1404 3668 impo-

457 3693 562 3762 rator,
587 3687 617 3749 si
644 3685 732 3750 forte
758 3685 793 3746 in
820 3684 937 3766 aliquo
963 3683 1126 3748 defecerit
1150 3682 1403 3765 praedictorum.

457 3784 636 3865 Obligavit
657 3786 796 3866 insuper
820 3803 857 3847 se
882 3785 1070 3867 imperator
1095 3783 1138 3845 ad
1163 3790 1300 3847 centum
1327 3783 1403 3846 che·

455 3882 596 3946 landrus
616 3891 651 3947 et
672 3884 925 3965 quinquaginta
947 3882 1078 3963 galeias
1099 3883 1273 3946 ducendas
1295 3890 1332 3946 et
1353 3889 1404 3946 te·

457 3982 587 4046 nendas
603 3982 695 4046 ultra
710 4001 816 4058 mare,
839 3990 874 4047 et
891 3982 981 4063 quod
1000 3983 1141 4062 insuper
1154 3980 1289 4044 duobus
1303 3981 1402 4045 milli·

456 4081 520 4143 bus
535 4082 680 4146 militum
697 4081 899 4163 passagium
915 4082 1018 4144 certis
1034 4080 1189 4143 terminis
1209 4078 1405 4160 largiretur,

455 4179 491 4240 in
515 4180 662 4242 animam
685 4199 785 4243 suam
800 4179 913 4263 jurari
932 4178 1062 4242 faciens
1084 4198 1122 4241 se
1140 4179 1208 4241 ista
1223 4196 1302 4260 quae
1317 4177 1407 4242 dixi-
