2978 4996
470 461 609 510 rnoaus
633 462 905 510 uisronmnuu.
1121 446 1165 509 85

212 615 441 694 walensium,
482 618 517 681 in
555 639 658 682 manu
688 619 768 684 forti
799 621 891 702 cepit
919 622 987 684 duo
1019 620 1164 684 castella
1178 639 1300 679 nona.

211 715 367 797 praedicti
392 717 569 794 Willelmi,
592 727 627 782 et
650 738 769 782 omnes
792 738 878 801 quos
901 721 936 782 in
959 721 1009 782 eis
1032 721 1164 784 invenit

209 816 382 897 capitibus
399 818 529 898 privari
545 816 640 894 secit,
656 824 691 880 et
706 818 877 900 impositis
892 819 927 880 in
944 819 1072 882 eisdem
1088 839 1164 882 cas·

182 950 187 957 ·
211 912 303 977 tellis
326 915 550 979 Walensibus
578 918 650 979 suis
674 918 827 980 recessit.
880 917 958 992 Sed,
985 926 1165 999 cumpost

210 1013 283 1075 dies
307 1032 437 1095 paucos
461 1016 503 1078 ad
526 1016 684 1079 notitiam
708 1015 864 1098 praedicti
888 1015 1087 1079 Marescalli
1109 1036 1164 1079 res

210 1121 311 1193 gesta
336 1114 564 1195 pervolasset,
585 1114 688 1178 rediit
707 1134 785 1178 cum
801 1114 1022 1178 festinatione
1037 1116 1074 1177 in
1089 1115 1163 1178 An·

211 1211 334 1292 gliam3
356 1205 526 1277 ¹exercitu
542 1232 669 1295 magno
681 1222 905 1295 congregato,
919 1214 1064 1277 castella
1077 1233 1165 1295 pras·

211 1308 304 1373 dicta
335 1312 470 1375 obsedit
498 1320 534 1376 et
558 1314 671 1395 cepit3
704 1322 739 1376 et
767 1314 848 1395 quia
875 1311 1039 1376 Loelinus
1069 1314 1163 1395 prius

211 1429 330 1472 omnes
353 1410 508 1474 homines
532 1411 743 1488 Marescalli,
766 1431 854 1493 quos
877 1411 912 1474 in
936 1412 1088 1476 castellis
1110 1431 1163 1474 ce-

210 1518 323 1590 perat,
355 1511 525 1591 capitibus
554 1512 744 1593 amputatis
774 1510 1005 1587 interfecerat,
1027 1511 1163 1574 Willel·

212 1627 288 1670 mus
318 1607 545 1672 Marescallus
571 1610 794 1673 Walensibus
821 1609 983 1674 talionem
1018 1610 1164 1673 reddens

210 1725 327 1769 eorum
363 1707 479 1790 capita
506 1707 704 1772 detruncari
736 1708 842 1786 fecit3
883 1715 919 1771 et
950 1708 1085 1785 deiude,
1118 1708 1161 1771 ad

210 1805 376 1888 majorem
394 1807 592 1883 vindictam,
612 1815 739 1871 terram
758 1805 893 1870 Loelini
916 1807 1088 1870 hostiliter
1108 1808 1162 1869 iu·

210 1923 350 1984 gressus
373 1905 453 1987 igne
476 1914 512 1970 et
534 1905 625 1969 ferro
647 1925 795 1988 quaeque
818 1906 884 1968 sibi
907 1906 1011 1968 obvia
1039 1906 1163 1969 devas-

211 2003 311 2066 tavit.
373 2003 475 2081 Quod
519 2005 662 2068 audiens
707 2003 870 2068 Loelinus
915 2004 1009 2067 venit
1043 2012 1164 2067 contra

214 2100 460 2166 Marescallum
486 2105 522 2167 in
552 2104 754 2169 fortitudine
780 2105 902 2185 gravi;
936 2102 996 2165 scd
1028 2102 1163 2165 Mares·

211 2200 333 2278 callus,
363 2201 479 2266 Marte
502 2203 567 2266 sibi
591 2204 752 2285 propitio,
777 2203 894 2267 hostes
922 2203 1048 2266 acriter
1065 2203 1165 2265 iuva·

212 2298 309 2376 dens,
326 2301 442 2364 multis
458 2322 502 2365 ex
521 2302 744 2365 Walensibus
765 2302 967 2378 intersectis
989 2320 1107 2365 omnes
1127 2301 1164 2363 in

211 2397 330 2480 sugam
361 2402 487 2482 coegit,
527 2420 615 2482 quos
656 2400 885 2464 Marescallus
916 2408 1075 2482 potenter
1110 2401 1163 2462 in-

211 2504 350 2561 secutus
387 2500 704 2564 immisericorditer
745 2499 958 2577 trucidavit3
1001 2500 1164 2562 aestimati

212 2603 295 2659 sunt
322 2607 437 2661 autem
464 2600 635 2664 interfecti
668 2605 703 2662 et
730 2597 877 2662 vinculis
907 2598 1093 2678 mancipati
1120 2598 1164 2661 ad

213 2713 336 2759 novem
363 2697 471 2760 millia
491 2697 680 2774 hominum,
698 2697 915 2779 paucissimis
938 2715 983 2758 ex
1004 2695 1163 2758 omnibus

212 2813 274 2875 per
302 2794 418 2876 fugam
445 2795 583 2879 elapsis.
629 2796 759 2860 Eodem
787 2814 890 2869 anno,
917 2793 1010 2856 circa
1038 2790 1163 2855 festum

215 2892 406 2957 Dominicae
426 2897 649 2972 ascensionis,
664 2890 860 2957 ²Walterus
884 2890 1165 2954 Malus-clericus

212 3001 434 3056 consecratus
460 3002 513 3058 est
540 2994 771 3057 Carlcolensis
795 2992 977 3075 episcopus
1003 3009 1065 3072 per
1089 3008 1163 3052 ma·

211 3110 294 3153 num
315 3091 476 3168 Walteri,
499 3092 727 3156 Eboracensis
749 3089 1009 3172 archiepiscopi.
1063 3087 1165 3152 Circa

213 3189 301 3252 idem
332 3199 468 3272 tempus
504 3193 662 3273 prorupit
694 3192 806 3256 oleum
846 3189 1095 3253 lucidissimum
1128 3189 1164 3250 in

213 3308 339 3370 magna
366 3290 511 3354 ecclesia
536 3291 628 3374 apud
652 3291 846 3354 Eboracum
869 3289 911 3352 de
934 3289 1052 3353 tumba
1073 3287 1164 3350 beati

213 3388 391 3465 Willelmi,
424 3390 579 3472 ejusdem
607 3390 761 3454 ecclesiae
790 3388 963 3472 quondam
995 3385 1163 3467 archiepi-

212 3488 321 3569 scopi.
362 3488 492 3552 Eodem
509 3508 600 3553 anno
619 3489 742 3552 Romae
757 3489 847 3569 pluit
868 3496 959 3550 terra
974 3485 1165 3565 sanguinea

213 3604 276 3666 per
292 3594 361 3648 tres
378 3586 464 3664 dies,
482 3587 730 3650 admirantibus
746 3587 875 3650 multis.

251 3781 420 3849 ¹Eaeercita.]
448 3786 501 3836 'l'he
524 3801 680 3838 summonses
739 3781 888 3832 'Walteraa
902 3777 1120 3839 Molita-clericae]
1142 3777 1167 3825 lt

213 3856 302 3904 issued
313 3856 348 3916 by
359 3855 402 3904 the
413 3856 477 3917 king
488 3861 514 3905 to
529 3856 572 3905 the
587 3856 679 3904 barone
704 3866 813 3915 appears
821 3851 906 3900 frema
918 3850 991 3897 letter
998 3846 1028 3894 of
1037 3847 1076 3894 bis
1087 3847 1168 3906 print-

214 3925 265 3974 and
287 3924 330 3973 the
352 3939 422 3986 army
443 3931 469 3973 to
490 3931 557 3974 meet
576 3925 630 3973 him
653 3930 680 3972 at
704 3923 779 3971 edin
797 3922 900 3980 Rymer,
916 3919 934 3967 i.
953 3931 978 3977 p.
996 3919 1053 3975 120,
1063 3914 1119 3963 that
1136 3915 1167 3963 ha

214 3993 376 4054 Gloucester,
404 3993 470 4042 aster
498 3996 540 4044 the
561 3995 631 4055 siege
654 3993 683 4042 ot'
705 3983 1168 4048 wasdobn'smessengertotbecourt

212 4063 304 4111 Builtb
320 4063 410 4125 caede,
429 4078 473 4113 are
492 4065 519 4114 in
538 4064 642 4126 Rymer,
661 4062 679 4112 i.
705 4061 734 4109 oi
742 4061 861 4119 Rome,to
870 4071 948 4117 argue
959 4054 1000 4103 his
1008 4068 1086 4102 cause
1096 4053 1167 4102 there

215 4148 243 4194 p.
255 4134 313 4181 170.
706 4131 805 4192 against
817 4128 859 4179 the
871 4126 1000 4176 baruncio
1012 4127 1085 4174 1214.
