2978 4996
433 443 499 510 178
688 458 822 507 uocum
847 458 894 504 nu
918 454 1123 504 wnunovsu

274 631 329 671 A»
340 632 395 671 rm
434 619 623 700 religionis,
647 636 760 699 pauca
782 616 912 680 habeus
935 615 1040 679 verba
1065 622 1100 678 et
1122 613 1385 696 circumspecta,

273 680 346 720 'l'hev
347 682 422 723 atrerd·

273 731 371 780 ¹qu
436 724 474 780 ut
500 719 560 800 qni
582 716 666 783 nihil
689 716 854 797 loquitur,
878 715 944 778 nisi
972 715 1016 777 ab
1043 713 1215 795 episcopis
1243 720 1279 777 ct
1299 714 1385 776 viris

434 816 604 898 religiosis
628 814 731 879 suerit
749 815 959 896 requisitus3
992 821 1026 876 et
1044 820 1127 876 tuuc
1148 813 1254 876 refert
1269 812 1313 875 de
1330 832 1384 877 re·

435 916 499 978 bus
522 915 752 998 antiquitatis,
774 922 810 977 et
835 913 912 975 de
903 913 945 975 ris
967 919 1165 994 quaegesta
1186 910 1357 975 fuerant
1347 931 1385 975 ru

435 1014 595 1095 passione
617 1013 756 1078 Domini
778 1019 814 1077 et
834 1012 1097 1086 resurrectione,
1120 1010 1215 1074 etde
1237 1011 1384 1074 testibus

435 1113 706 1189 resurrectionis,
722 1112 790 1175 illis
806 1109 965 1174 videlicet
983 1111 1043 1193 qui
1064 1117 1292 1173 surrexerunt
1305 1128 1384 1173 cum

435 1211 574 1276 Christo
596 1220 631 1276 et
650 1217 819 1276 venerunt
838 1209 874 1272 in
893 1216 1050 1273 sanctam
1069 1209 1245 1273 civitatem
1264 1215 1299 1272 et
1321 1227 1383 1291 ap·

434 1319 623 1392 paruerunt
636 1311 773 1387 multis;
800 1308 904 1372 refert
922 1307 1026 1371 etiam
1048 1306 1090 1371 de
1113 1307 1271 1390 symbolo
1295 1325 1379 1390 apo·

433 1409 614 1484 stolorum,
632 1418 799 1473 eteorum
818 1408 986 1471 divisione
1003 1413 1039 1471 et
1052 1406 1319 1488 praedicatione3
1347 1414 1382 1470 et

434 1506 499 1571 hoc
521 1509 596 1573 sine
615 1510 685 1571 risu
707 1516 742 1572 et
761 1507 854 1570 omni
876 1505 1019 1570 levitate
1040 1507 1234 1582 verborum,
1258 1512 1297 1569 ut
1322 1506 1382 1586 qui

432 1607 544 1688 magis
567 1616 727 1671 versatur
750 1607 787 1669 in
809 1604 995 1687 lachrymis
1022 1611 1057 1668 et
1078 1605 1200 1668 timore
1227 1603 1380 1679 Domini,

433 1713 589 1769 metuens
612 1725 748 1788 semper
769 1713 803 1769 et
819 1711 1019 1786 suspectum
1043 1703 1172 1767 habens
1193 1703 1379 1767 adveutum

433 1802 520 1868 Jesu
546 1805 687 1881 Christi,
717 1824 761 1869 ne
785 1805 898 1886 ipsum
928 1802 962 1864 in
994 1801 1116 1866 ultimo
1139 1801 1298 1867 examine
1325 1802 1377 1864 in·

432 1904 551 1968 veniat
573 1905 713 1980 iratum,
735 1921 838 1986 quem
858 1900 902 1965 ad
921 1901 1116 1983 passionem
1138 1910 1379 1984 properantem

434 2001 579 2066 irridens
597 2003 642 2067 ad
662 2003 802 2082 diguam
824 2007 1075 2084 provocaverat
1089 2000 1267 2063 ultionem.
1308 1999 1380 2063 Ve-

434 2101 536 2165 niunt
557 2101 601 2164 ad
624 2120 702 2164 eum
720 2100 819 2164 multi
840 2098 883 2163 de
906 2098 1046 2163 remotis
1069 2098 1187 2162 mundi
1210 2098 1378 2180 partibus,

433 2198 644 2262 delectantes
659 2199 696 2261 in
710 2198 786 2281 ejus
798 2198 932 2261 visione
948 2205 984 2260 et
998 2197 1291 2274 confabulatione,
1303 2197 1379 2279 qui·

433 2296 510 2372 bus,
531 2297 562 2359 si
586 2297 655 2361 sint
678 2297 741 2361 viri
767 2295 969 2372 authentici,
992 2295 1034 2360 de
1058 2296 1159 2360 rebus
1185 2297 1377 2377 interroga·

432 2395 478 2456 tis
504 2394 655 2459 breviter
679 2397 890 2479 quaestiones
919 2395 1079 2458 absolvit.
1134 2394 1282 2458 Munera
1305 2414 1377 2458 om·

431 2493 490 2556 nia
507 2494 572 2557 sibi
587 2497 719 2578 respuit
733 2495 863 2572 oblata,
881 2494 974 2558 victu
993 2493 1170 2557 moderato
1193 2501 1329 2559 tantum
1343 2500 1379 2558 et

431 2593 560 2656 vestitu
577 2602 772 2658 contentus.
805 2593 847 2657 Iu
859 2593 924 2656 hoc
936 2612 1072 2675 semper
1084 2594 1182 2674 pouit
1196 2612 1270 2656 suae
1282 2612 1377 2675 spem

430 2690 567 2768 salutis,
589 2694 671 2775 quia
692 2693 857 2772 ignorans
884 2690 1042 2773 deliquit,
1067 2690 1202 2756 dicente
1227 2692 1376 2756 Domiuo
1458 2727 1463 2733 ·

431 2797 466 2853 et
479 2798 600 2855 orante
613 2793 650 2855 iu
665 2792 824 2875 passione
845 2808 909 2853 sua
932 2809 994 2871 pro
1016 2790 1163 2854 inimicis
1184 2792 1270 2867 suis,
1288 2790 1377 2855 ‘Pa-

430 2889 506 2965 ter,'
534 2891 657 2972 inquit,
686 2891 851 2971 ‘ignosce
879 2888 960 2963 illis,
990 2889 1072 2971 quia
1103 2890 1263 2954 nesciunt
1294 2890 1376 2972 quid

428 2986 584 3052 faciunt!

493 3149 644 3226 Queaodo
660 3152 806 3235 mapulas
820 3152 958 3236 Royoras
973 3151 1114 3215 suecessit
1127 3150 1311 3228 Eustochio,

702 3250 938 3314 Loredoaiaram
952 3249 1096 3334 qriscopo.

341 3400 354 3429 0
476 3369 607 3434 Eodem
644 3391 736 3437 auno
772 3367 1010 3450 'Eustachius
1042 3372 1273 3438 Loudineusis
1303 3375 1375 3457 epi·

283 3449 357 3527 '²⁸00
424 3487 560 3552 scopus,
591 3469 681 3534 diem
709 3471 836 3536 clausit
862 3480 1079 3551 extremum3
1112 3474 1147 3535 in
1174 3473 1274 3557 cujus
1298 3474 1374 3538 loco

322 3548 356 3578 ω’
423 3569 579 3633 canonici
602 3569 781 3651 elegerunt
798 3571 1001 3651 magistrum
1026 3570 1216 3652 Rogerum,
1243 3591 1373 3653 cogno·

423 3677 539 3732 mento
554 3668 715 3749 Nigrum,
726 3676 762 3732 et
773 3668 815 3733 de
831 3670 961 3750 gremio
973 3670 1128 3734 ecclesiae
1143 3689 1217 3733 suae
1233 3672 1373 3735 canoni-

422 3785 510 3843 cum,
529 3787 630 3850 quem
647 3786 707 3830 rex
728 3769 793 3831 sibi
815 3775 1062 3850 praesentatum
1079 3770 1153 3832 siue
1170 3767 1374 3834 difficultate

455 3951 639 4016 OEustaclriue]
655 3950 832 4002 Hehadlilled
840 3953 881 4002 the
943 3951 1084 4002 ‘Eustachi
1101 3967 1182 4014 nuper
1196 3953 1260 4002 bene
1277 3955 1374 4020 subus,

419 4023 503 4072 offices
513 4023 692 4085 osjusticiary,
703 4022 846 4073 chancellor
856 4023 886 4072 os
994 4036 1060 4071 nunc
1072 4022 1135 4071 bene
1146 4022 1241 4072 stabis:

417 4091 882 4154 theexclrequer,audtreasurer;up·
963 4091 1012 4140 Ille
1034 4095 1115 4140 status
1137 4092 1227 4153 valuit,
1248 4093 1375 4154 prevalet

417 4161 881 4223 ouhisappoinnneuttolendon,the
994 4161 1042 4210 iste
1054 4156 1154 4211 tamea.¹

416 4227 546 4290 following
557 4230 650 4279 distich
658 4246 713 4279 was
723 4233 837 4280 written:
1157 4228 1252 4281 Godrv.
1264 4231 1282 4281 i.
1296 4235 1354 4282 180.
