2978 4996
428 415 493 479 142
684 429 819 477 nocent
844 430 890 477 nn
913 429 1122 478 wnnnovnn

264 603 389 693 imi
428 586 660 668 cognovisset,
682 585 778 649 venit
798 604 877 649 cum
894 583 1115 648 festinatione
1131 583 1175 646 ad
1191 602 1319 666 regem,
1336 584 1378 646 dc

263 702 414 751 mutuum
428 685 534 748 fratre
556 705 619 748 suo
644 684 821 748 Richardo
843 683 1019 767 querelam
1042 684 1226 766 deponens.
1278 683 1378 746 'lhnc

264 752 392 842 iiiew
427 805 489 848 rex
506 784 604 847 fratri
621 803 684 847 suo
697 783 887 848 literatorie
904 783 1091 858 nuntiavit,
1107 789 1279 865 qnatenus
1295 802 1378 846 con·

427 884 541 948 sestim
553 884 638 947 visis
654 882 764 947 literis
780 883 972 946 manerium
985 881 1143 945 redderet
1155 881 1377 945 waleranno.

428 982 625 1046 Richardus
651 989 781 1057 autem,
800 981 909 1046 literis
933 981 1112 1063 inspectis,
1135 1000 1213 1045 cum
1237 980 1379 1044 festina-

427 1083 521 1146 tione
538 1082 635 1146 venit
656 1082 701 1144 ad
718 1099 848 1162 regem,
870 1080 1057 1145 ostendens
1078 1080 1153 1144 sine
1173 1078 1291 1162 aliquo
1314 1079 1375 1142 ad·

428 1188 566 1256 vocato,
591 1180 843 1244 rationabiliter
863 1179 1025 1244 similiter
1044 1184 1081 1243 et
1099 1179 1313 1262 eloquenter,
1335 1179 1378 1241 ad

424 1279 602 1361 jussuum
617 1280 809 1343 manerium
836 1279 1021 1361 pertinere,
1043 1277 1134 1341 unde
1155 1284 1299 1360 paratus
1313 1277 1379 1341 suit

429 1379 535 1442 curiae
555 1378 660 1458 regiae
680 1378 796 1441 subire
813 1376 983 1460 judicium
1000 1385 1036 1442 et
1050 1382 1252 1458 magnatum
1270 1376 1376 1458 regni.

429 1475 510 1539 Rex
540 1496 622 1540 vero
656 1485 692 1540 et
719 1476 949 1560 justiciarius,
986 1476 1166 1540 audientes
1202 1477 1379 1539 nominare

428 1581 621 1656 magnates,
648 1576 803 1639 maxima
829 1583 912 1640 sunt
941 1575 1177 1657 indignatione
1204 1575 1376 1652 succensi3

427 1674 518 1738 unde
545 1694 608 1737 rex
633 1693 719 1737 voce
752 1675 967 1739 tumultuosa
998 1682 1033 1737 et
1060 1675 1162 1738 nimis
1192 1673 1378 1738 indiscreta

427 1771 526 1835 tratri
556 1791 621 1836 sno
653 1773 830 1855 praecepit,
861 1781 901 1836 ut
928 1773 1156 1837 incontinenti
1186 1774 1375 1836 manerium
1437 1776 1443 1788 '

426 1869 641 1936 Wuleranno
657 1871 827 1949 redderet,
842 1878 904 1935 aut
921 1891 942 1934 a
960 1891 1068 1953 regno
1084 1871 1224 1953 Angliae
1239 1891 1309 1935 non
1324 1892 1376 1935 rc·
1404 1916 1408 1922 -

427 1969 563 2034 diturus
592 1971 712 2035 exiret.
765 1969 822 2034 Ad
848 1971 922 2034 haec
952 1990 1067 2034 comes
1098 1978 1298 2034 constanter
1325 1990 1379 2033 re·

427 2070 578 2151 spondit,
593 2064 685 2152 quod
706 2088 769 2131 nec
783 2069 998 2133 Wuleranno
1013 2070 1075 2152 jus
1091 2088 1192 2132 suum
1208 2070 1378 2146 redderet,

427 2187 491 2231 nec
507 2169 581 2231 sine
600 2166 733 2250 judicio
755 2169 891 2248 parium
914 2188 1053 2231 suorum
1077 2187 1099 2231 a
1122 2188 1229 2250 regno
1248 2170 1375 2247 exiret;

428 2274 475 2342 et,
496 2266 551 2328 his
567 2265 681 2341 dictis,
703 2283 817 2330 comes
834 2267 877 2329 ad
898 2267 1086 2348 hospitium
1102 2286 1203 2329 suum
1217 2286 1295 2330 cum
1310 2267 1377 2330 fes-

430 2364 599 2427 tinatione
617 2366 784 2447 perrexit.
837 2364 937 2429 Tunc
948 2365 1177 2448 justiciarius,
1190 2374 1230 2429 ut
1242 2366 1378 2443 dicitnr,

429 2469 587 2525 metuens
608 2482 652 2526 ne
676 2483 790 2528 comes
817 2483 936 2547 pacem
966 2466 1064 2546 regni
1090 2466 1257 2541 turbaret,
1285 2465 1377 2528 dedit

429 2561 502 2643 regi
525 2562 718 2640 consilium,
741 2572 779 2627 ut
798 2571 899 2627 nocte
925 2565 1083 2647 sequenti
1112 2564 1252 2627 fratrem
1277 2584 1376 2627 suum

429 2679 553 2743 sopore
586 2663 785 2744 depressum
816 2682 839 2726 a
870 2663 1036 2727 militibus
1072 2664 1216 2727 armatis
1251 2663 1378 2727 faceret

430 2761 685 2844 comprehendi,
701 2769 749 2838 et,
771 2769 811 2825 ut
828 2760 993 2825 diuturna
1007 2781 1094 2845 pace
1111 2762 1295 2837 frueretur,
1314 2764 1378 2825 sub

430 2869 528 2924 arcta
543 2861 702 2925 custodia
723 2861 931 2943 deputaret;
962 2861 1022 2925 sed
1046 2880 1162 2926 comcs
1182 2861 1379 2925 Richardus

429 2960 473 3022 ab
500 2961 620 3024 amicis
647 2961 872 3041 praemunitus
894 2961 939 3023 ab
964 2961 1048 3024 urbe
1071 2961 1276 3025 festinanter
1300 2980 1376 3024 cum

430 3078 500 3121 uno
522 3064 657 3121 tuntum
675 3057 791 3139 equite
808 3058 897 3123 clam
914 3060 1068 3136 recessit,
1094 3079 1157 3123 nec
1181 3061 1278 3141 prius
1300 3060 1379 3124 frae·

430 3175 512 3218 num
536 3156 689 3219 cohibuit
711 3156 820 3221 donec
847 3158 1047 3238 Radingum
1072 3178 1183 3240 usque
1208 3159 1378 3240 pervenit.

430 3253 690 3318 commilitones
707 3263 822 3320 autem
846 3257 921 3340 ejus
943 3258 1057 3338 ipsum
1076 3278 1177 3321 manc
1192 3266 1378 3340 sequentes

428 3354 463 3414 in
492 3353 569 3416 loco
596 3355 662 3417 sibi
689 3355 850 3419 condicto
872 3356 1047 3420 dominum
1070 3376 1171 3419 suum
1193 3375 1317 3420 sanum
1344 3365 1380 3421 et

428 3451 570 3514 hilarem
594 3462 805 3536 recepemnt.
852 3454 952 3519 Tunc
974 3475 1089 3519 comes
1106 3474 1227 3519 versus
1250 3456 1378 3521 Merle·

427 3552 581 3632 bergium
627 3554 693 3616 iter
730 3553 882 3635 dirigens
921 3555 1054 3618 invenit
1085 3555 1134 3618 ibi
1164 3553 1378 3618 Willelmum

429 3650 696 3715 Mareschallum
720 3653 867 3716 amicum
890 3673 990 3716 suum
1009 3661 1044 3718 et
1062 3661 1280 3718 sacramento
1296 3675 1378 3718 con·

427 3749 645 3828 foederatum,
668 3752 784 3815 omnia
814 3753 845 3816 ei
872 3772 951 3834 quse
978 3753 1043 3816 sibi
1072 3753 1269 3817 acciderant
1291 3754 1379 3817 indi-

428 3851 543 3929 cavit3
573 3859 608 3914 et
630 3849 709 3914 iude
740 3851 843 3915 simul
875 3852 917 3915 ad
947 3851 1107 3916 comitem
1131 3851 1277 3916 Cestriae
1300 3873 1380 3936 pro-

427 3949 508 4014 secti
530 3951 561 4012 ei
579 3970 650 4013 rem
667 3958 802 4031 gestam
818 3971 881 4034 per
896 3952 1050 4015 ordinem
1068 3952 1283 4031 retulerunt;
1317 3953 1377 4034 qui

426 4049 528 4111 simul
546 4057 584 4112 ut
601 4057 701 4112 erant
723 4069 841 4115 omnes
859 4050 1046 4134 conjurati,
1064 4052 1256 4115 exercitum
1274 4070 1379 4133 gran·

427 4147 503 4209 dem
524 4148 632 4211 literis
654 4148 925 4215 discurrentibus
948 4158 1187 4233 congerentes,
1208 4170 1380 4216 convene·
