2978 4996
470 449 611 498 ruonss
637 450 910 502 ursronrxauu.
1117 435 1163 503 73

210 626 294 670 neos
316 604 484 670 hacteuus
506 606 553 669 sit
574 625 785 688 processum,
808 608 1010 691 paternitati
1034 616 1160 675 vestrae
1174 629 1228 669 aa.
1241 627 1296 665 mr.

209 705 319 769 literis
338 705 565 787 praesentibus
582 704 809 770 declaramus.
857 707 891 770 N
894 709 1035 773 overitis
1054 710 1162 790 igitur

210 804 301 886 quod
322 805 358 866 in
381 805 492 886 primo
514 806 677 886 passagio
700 813 781 887 post
798 807 992 888 captionem
1015 808 1160 891 praedic-

210 913 280 992 tam
306 903 397 985 apud
424 902 621 967 Damietam
643 910 696 967 tot
715 906 886 986 peregrini
908 906 1161 988 applicuerunt,

211 1001 303 1085 quod
323 1021 392 1066 una
408 1022 485 1065 curn
501 1002 639 1066 residuo
659 1003 868 1067 remanentis
888 1005 1062 1068 exereitus
1083 1025 1162 1087 pos-

212 1103 283 1164 sint
301 1100 456 1164 sufficare
480 1101 523 1164 ad
550 1101 774 1165 munitionem
798 1102 969 1167 Damietae
992 1113 1028 1167 et
1045 1104 1162 1167 desen-

212 1201 344 1264 sionem
376 1208 581 1264 castrorum.
650 1201 822 1265 Dominus
855 1203 992 1283 quidem
1025 1203 1161 1284 legatus

214 1318 284 1361 una
318 1318 395 1363 eum
435 1298 538 1374 clero,
580 1299 830 1382 promotionem
866 1302 1041 1365 exercitus
1074 1301 1161 1365 Jesu

216 1396 344 1461 Christi
369 1407 581 1480 praeoptans,
604 1397 768 1480 populum
794 1399 922 1481 pluries
950 1419 991 1464 ac
1018 1399 1163 1481 diligen-

213 1503 268 1559 ter
297 1497 477 1561 admonuit
507 1496 549 1560 de
578 1496 736 1561 faciendo
765 1499 923 1580 equitatu
955 1517 1059 1581 super
1085 1501 1162 1563 inti·

214 1595 319 1674 deles,
353 1597 414 1659 sed
446 1597 591 1660 barones
626 1597 811 1674 exercitus,
840 1606 911 1661 tam
943 1600 1163 1662 transmarini

214 1714 318 1776 quam
342 1695 530 1772 cismarini,
556 1696 814 1760 considerantes
840 1696 932 1778 quod
955 1707 1076 1779 gentes
1099 1717 1161 1760 ex·

215 1794 343 1857 ercitus
377 1795 419 1858 ad
454 1795 678 1857 munitionem
709 1795 879 1858 dictarum
911 1797 1090 1859 civitatum
1126 1803 1161 1860 et

214 1901 418 1969 castrorum,
438 1893 535 1957 etad
557 1913 776 1976 progressum
800 1893 945 1957 ulterius
969 1894 1159 1957 faciendum

214 1991 257 2055 ad
283 1991 555 2056 Christianitatis
583 1993 780 2068 utilitatem,
808 2012 874 2055 non
904 2001 1045 2074 possent
1070 1992 1163 2055 suffi-

216 2110 305 2168 cere,
331 2091 365 2153 in
402 2091 467 2154 hoc
501 2091 695 2155 consentire
729 2092 939 2171 noluerunt;
992 2091 1163 2155 Soldanus

216 2191 307 2253 enim
330 2190 533 2274 Babyloniae
560 2210 638 2253 cum
662 2190 799 2255 infinita
823 2191 1027 2272 perfidorum
1050 2191 1165 2254 multi-

217 2288 336 2352 tudine
355 2310 424 2353 non
442 2291 545 2371 longe
561 2309 582 2353 a
598 2289 760 2353 Damieta
778 2298 1042 2354 castrametatus
1060 2310 1164 2372 super

215 2396 399 2469 utrumque
428 2389 579 2452 fluminis
610 2388 787 2452 brachium
817 2397 939 2472 pontes
968 2390 1162 2454 construxit

215 2486 259 2551 ad
283 2488 535 2569 impediendum
557 2487 831 2551 Christianorum
854 2509 1087 2570 progressum,
1104 2490 1163 2570 qui

215 2606 293 2650 cum
317 2594 415 2650 tanta
447 2586 666 2650 multitudine
694 2587 819 2650 ibidem
848 2596 1029 2670 exspectat
1050 2607 1162 2651 arma·

217 2692 343 2762 torum,
377 2684 469 2767 quod
507 2686 697 2749 maximum
727 2686 916 2767 periculum
945 2687 987 2749 de
1017 2687 1163 2750 ulterius

215 2785 402 2865 equitando
423 2784 579 2848 fidelihus
600 2785 804 2848 immineret.
856 2783 1094 2847 Veruntamen
1115 2786 1163 2846 ei·

217 2883 360 2947 vitatem
389 2884 589 2966 praedictam
621 2892 656 2948 et
682 2890 798 2946 castra
830 2882 971 2945 fossatis
1001 2891 1036 2945 et
1066 2883 1164 2946 littus

218 2982 370 3064 undique
410 2983 629 3058 munivimus,
672 2989 914 3064 exspectantes
954 2999 976 3044 a
1015 2981 1165 3045 Domino

216 3082 388 3145 consolari
417 3101 479 3164 per
505 3082 695 3145 subsidium
723 3081 822 3145 nohis
849 3081 1103 3145 advenientium
1130 3081 1165 3143 in

217 3199 446 3260 succursum;
479 3180 539 3244 sed
566 3180 742 3257 Saraceni,
769 3188 923 3244 nostrum
951 3181 1165 3263 perpenden-

218 3287 271 3342 tes
287 3279 470 3355 defectum,
494 3279 717 3362 quamplures
737 3286 960 3343 armaverunt
981 3281 1112 3361 galeias
1131 3288 1167 3343 et

216 3399 333 3442 mense
360 3379 575 3461 Septembrio
605 3397 664 3441 eas
691 3380 943 3442 constituerunt
969 3399 1031 3461 per
1059 3399 1165 3457 mare,

217 3497 296 3560 quae
322 3476 527 3542 Christianis
553 3478 587 3540 in
614 3477 803 3540 subsidium
828 3486 928 3542 terrae
956 3485 1087 3542 sanetae
1104 3480 1165 3541 ad-

217 3578 441 3640 ventantibus
472 3577 600 3640 damna
633 3577 797 3640 immania
827 3577 1026 3641 intulerunt.
1073 3575 1167 3638 Tan-

217 3682 274 3738 tus
295 3677 386 3739 enim
407 3677 442 3738 in
464 3675 617 3740 exercitu
645 3683 763 3739 nostro
789 3685 865 3739 erat
884 3674 1038 3738 defectus
1061 3692 1166 3755 pecu·

217 3775 296 3852 niae,
322 3774 414 3857 quod
445 3775 577 3856 galoius
607 3781 744 3839 nostras
778 3794 840 3855 per
866 3773 1005 3854 aliquod
1032 3779 1167 3854 tempus

214 3894 379 3956 magnum
404 3881 520 3938 tenere
548 3894 616 3937 non
650 3874 838 3955 potuimus.
905 3871 1164 3952 Comperieutes

216 3975 324 4054 igitur
348 3993 411 4055 per
433 3974 618 4056 praedictas
638 3973 887 4035 Saracenorum
914 3970 1045 4051 galeias
1067 3989 1167 4033 exer·

217 4073 303 4137 citui
322 4072 521 4136 Christiano
539 4073 727 4136 maximum
746 4071 923 4134 imminere
940 4070 1168 4151 dispendium,

217 4173 350 4255 galeias
379 4182 515 4237 nostras
543 4181 577 4235 et
601 4172 758 4253 galiones
784 4171 921 4252 aliaque
945 4189 1029 4234 vasa
1048 4170 1167 4234 iucon·
