2978 4996
473 432 611 481 neonus
634 433 904 483 ursronrauuu.
1101 423 1167 486 123

210 591 389 667 discessio,
407 590 499 673 qnod
524 592 620 656 Deus
643 592 803 657 avertat!
857 593 926 657 His
949 595 1090 674 auditis,
1113 617 1166 660 re·
1180 616 1235 656 nn.
1249 616 1304 655 ttae.

208 689 349 771 spondit
364 689 513 770 legatus,
534 700 573 754 ut
591 691 785 767 videbatur,
808 694 994 774 plurimum
1017 715 1168 760 commo-

211 798 267 854 tus
282 791 318 852 iu
332 791 435 867 bono,
452 809 489 852 se
510 810 588 853 cum
607 798 698 853 esset
713 792 749 853 iu
772 793 869 855 curia
891 813 1069 876 nunquam
1088 795 1167 858 huic

212 890 389 953 exactioni
406 890 633 964 consensisse,
657 897 692 952 et
713 892 826 971 ipsum
849 891 968 955 literas
994 896 1168 975 accepisse

213 997 398 1072 postquam
422 987 573 1051 Galliam
600 988 714 1053 suerat
739 990 929 1070 ingressus,
959 999 1056 1055 etse
1079 993 1167 1056 mul·

215 1099 288 1152 tum
319 1106 423 1171 super
455 1087 529 1150 haec
560 1087 734 1165 doluisse;
767 1088 900 1153 addidit
924 1091 1041 1167 etiarn,
1065 1111 1170 1173 super

212 1188 286 1251 haec
309 1187 471 1269 quicquid
495 1188 672 1269 praecepit,
700 1206 738 1250 se
769 1188 833 1250 tali
856 1189 1065 1266 conditione,
1089 1191 1170 1254 licet

216 1287 336 1363 tacita,
367 1285 595 1363 intellexisse,
624 1286 654 1348 si
686 1287 867 1368 imperium
898 1297 934 1352 et
960 1289 1030 1351 alia
1063 1308 1171 1371 regna

215 1386 471 1463 consentireut3
499 1385 662 1467 adjunxit
679 1386 832 1467 insuper,
850 1407 888 1450 se
911 1388 995 1451 nihil
1021 1389 1169 1471 amplius

215 1505 320 1568 super
343 1485 418 1548 haec
437 1491 724 1567 attemptaturum
751 1485 861 1549 donec
885 1507 947 1568 per
971 1507 1079 1568 regna
1101 1488 1171 1550 alia

215 1584 352 1668 praelati
369 1583 722 1664 consenserint,quod
739 1584 884 1649 credidit
903 1588 1084 1668 provenire
1102 1607 1170 1650 uon

215 1703 329 1767 posse.

307 1855 397 1935 Quod
411 1855 556 1940 meister
575 1855 650 1920 otto
665 1855 796 1918 Romam
810 1855 928 1919 incites
943 1857 1079 1920 redierit.

261 1980 391 2044 Eodem
409 1999 512 2057 anuo,
530 1999 607 2043 cum
627 1979 794 2060 magister
805 1977 912 2055 Otho,
928 1979 1057 2043 domiui
1071 2000 1171 2062 papae
1186 2006 1248 2050 oeno.
1258 2005 1295 2043 tn·

219 2081 375 2157 nuntius,
408 2087 562 2160 tempore
589 2077 892 2159 Quadragesimali
919 2080 963 2142 ad
992 2079 1171 2143 Northan·
1185 2054 1336 2154 illiitifm

218 2180 409 2243 humbriam
438 2178 656 2261 profecturus
687 2184 722 2240 et
754 2178 1015 2260 procurationes
1041 2178 1173 2242 deside-

219 2288 314 2342 ratas
341 2286 542 2353 exacturus,
567 2276 844 2341 Norhamtonam
866 2298 976 2361 usque
999 2279 1170 2361 pervenis-

219 2386 285 2454 set,
300 2377 527 2441 veneruntad
546 2396 637 2453 eum,
652 2376 895 2441 Cantuarieusi
914 2378 1173 2461 archiepiscopo

221 2485 441 2559 procurante,
466 2476 576 2539 literae
601 2476 730 2539 domini
754 2496 866 2559 papae,
890 2478 1070 2558 inquibus
1093 2498 1173 2542 cou-

222 2577 395 2640 tinebatur
417 2594 629 2657 expressum,
653 2577 832 2639 utstatim
860 2575 942 2640 visis
968 2578 1077 2640 literis
1101 2577 1173 2641 Ro-

221 2695 313 2738 mam
344 2676 491 2751 veniret,
520 2673 596 2756 ejus
627 2682 800 2756 potestate
828 2674 966 2756 penitus
997 2684 1172 2738 enervata.

223 2775 373 2857 Obliquo
402 2774 511 2856 igitur
543 2773 644 2837 oculo
676 2773 785 2837 literis
816 2774 992 2854 inspectio,
1025 2774 1174 2837 demisso

222 2875 322 2938 vultu
357 2893 418 2937 eas
449 2872 596 2955 projecit
622 2873 658 2936 in
689 2873 816 2953 iguem,
839 2880 944 2953 atque
979 2873 1072 2935 illico
1096 2892 1173 2954 pro·

223 2974 337 3057 posito
354 2980 499 3050 mutato,
515 2971 652 3035 clitellis
672 2972 789 3035 vacuis
803 2971 966 3035 confusus
984 2974 1027 3036 ab
1043 2969 1175 3053 Anglia

223 3073 387 3152 recessit;
410 3071 567 3154 injuncto
589 3071 778 3153 Stephano,
800 3071 1043 3136 Cautuaricnsi
1066 3071 1175 3134 archi-

223 3174 396 3255 episcopo,
421 3171 511 3234 sicut
536 3179 611 3233 erat
632 3172 668 3234 in
696 3171 804 3235 literis
830 3171 959 3235 domini
987 3191 1087 3254 papae
1114 3191 1175 3234 ex·

225 3291 394 3355 pressum,
412 3277 463 3347 ut,
481 3271 682 3334 convocatis
705 3291 787 3352 rege
808 3280 843 3335 et
861 3273 1021 3335 omnibus
1038 3270 1177 3352 Angliae

224 3370 392 3454 praelatis,
419 3389 622 3451 responsum
651 3389 768 3433 eorum
802 3390 906 3452 super
932 3372 1084 3452 nogotio,
1115 3390 1177 3452 pro

226 3490 295 3553 quo
324 3469 414 3533 idem
446 3469 541 3532 Otho
574 3468 698 3532 missus
734 3470 859 3546 fuerat,
897 3470 1035 3533 domino
1077 3489 1177 3550 papae

227 3570 464 3634 transmittere
473 3589 542 3631 non
555 3568 704 3632 omittat.
735 3568 909 3650 Magistro
923 3569 1029 3649 igitur
1040 3566 1179 3630 Othone

226 3668 392 3750 Angliam
420 3687 442 3731 a
471 3675 569 3749 tergo
599 3668 786 3744 salutante,
810 3667 1019 3748 Stephanus,
1047 3663 1178 3728 Cantu-

213 3769 371 3841 ariensis
415 3765 707 3849 archiepiscopus,
739 3768 873 3831 vocatis
911 3767 955 3828 ad
995 3764 1178 3828 concilium

227 3868 320 3952 apud
350 3866 699 3930 westmonasterium
737 3873 817 3948 post
854 3864 993 3928 Pascha
1033 3864 1179 3940 cunctis,

227 3986 316 4051 quos
350 3967 529 4049 negotium
565 3968 743 4046 tangebat,
775 3965 912 4029 recitari
947 3963 1030 4027 fecit
1062 3962 1181 4027 literas

226 4067 481 4149 suprascriptas
495 4065 537 4128 de
552 4065 726 4128 beneficiis
739 4065 908 4129 Romanae
925 4063 1080 4127 ecclesiae
1097 4082 1179 4125 con·

228 4166 377 4231 ferendis
400 4184 517 4230 coram
542 4185 621 4247 rogo
647 4173 681 4228 et
707 4165 860 4248 praelatis
881 4164 1032 4246 Angliae,
1053 4163 1112 4246 qui
1138 4162 1182 4225 ad
