2978 4996
416 463 556 514 ruerus
579 465 850 515 nrsronmuun.
1038 450 1104 518 285

152 621 212 703 qui
239 622 378 687 venient
404 622 440 685 iu
473 630 573 687 tanta
597 622 829 700 multitudine,
856 624 950 706 quod
976 643 1102 708 coope·
1135 642 1168 682 o.
1181 643 1239 682 ιω.

152 722 242 784 rient
262 728 370 784 totam
388 729 526 787 terram.
578 721 635 785 Ad
658 721 733 785 haec
755 721 840 785 dicit
859 693 1257 831 Marescmlus,{1,‘5d'ii'p·

152 818 262 883 ‘Rex
284 820 390 884 ditior
412 840 465 884 me
488 822 534 884 sit
553 830 588 884 et
607 823 793 902 potentior,
810 841 929 885 verum
951 831 1016 898 est,
1039 824 1099 887 sed
1113 796 1213 882 ibib?

154 938 223 983 uon
249 921 424 1001 potentior
446 925 499 982 est
522 919 610 995 Deo,
633 919 693 1001 qui
715 926 768 983 est
787 921 864 1001 ipsa
891 921 1041 1003 justitia,
1065 923 1100 985 in

153 1036 255 1099 quem
286 1017 421 1082 confido
451 1019 487 1081 in
518 1019 780 1082 conservatione
805 1027 841 1082 et
862 1020 1101 1100 persecutione

149 1115 240 1199 juris
267 1106 335 1180 mei
361 1124 396 1181 et
416 1117 535 1197 regui3
567 1137 629 1180 uec
657 1116 792 1180 confido
820 1118 857 1180 in
882 1118 1100 1199 alienigenis,

155 1234 218 1279 nee
240 1215 393 1297 ipsorum
418 1215 745 1279 confoederationem
766 1223 904 1297 appeto,
928 1236 991 1279 uec
1014 1237 1102 1281 aux·

153 1312 250 1376 ilium
284 1314 463 1389 invocabo,
495 1314 574 1390 nisi,
605 1314 698 1395 quod
726 1315 829 1391 absit,
858 1315 1037 1397 inopinata
1065 1325 1101 1380 et

152 1411 360 1476 immutabili
396 1412 494 1475 fuero
533 1413 737 1476 necessitate
777 1415 985 1495 compulsus.
1055 1414 1102 1479 Et

153 1510 241 1573 bene
262 1512 347 1589 scio,
364 1511 455 1593 quod
479 1530 542 1574 rex
564 1517 680 1593 potest
696 1519 828 1594 septem
850 1520 971 1577 contra
993 1533 1101 1578 unum

154 1608 336 1685 adducere,
358 1629 460 1692 quem
483 1629 548 1691 ego
571 1609 741 1673 adducere
766 1629 919 1692 possum,
941 1619 976 1675 et
998 1613 1100 1675 credo

156 1707 247 1789 quod
271 1708 372 1772 nimis
391 1709 534 1772 cito-tot
554 1706 702 1771 adducet
716 1726 778 1789 per
792 1709 972 1772 consilium
988 1730 1101 1788 suurn,

154 1805 246 1888 quod
268 1806 463 1870 nonhabet
486 1826 548 1888 per
570 1826 657 1888 quos
682 1805 757 1888 ipse
773 1813 808 1870 et
824 1826 967 1886 regnum
990 1809 1101 1888 ipsius

154 1904 200 1967 ab
220 1903 306 1987 ipsis
327 1905 437 1987 possit
464 1905 635 1984 liberare3
670 1922 750 1967 uam
777 1923 799 1966 a
824 1905 908 1967 viris
931 1904 997 1968 lide
1024 1907 1100 1987 dig-

155 2002 209 2066 nis
224 2003 340 2081 didici,
352 2004 444 2086 quod
459 2003 711 2067 Wiutouieusis
731 2003 912 2085 episcopus
927 2004 1101 2084 obligatus

154 2100 201 2165 sit
224 2102 425 2184 imperatori
452 2102 623 2179 Romano,
648 2102 739 2185 quod
764 2102 868 2166 saciet
890 2108 1001 2165 totum
1028 2100 1101 2165 An-

155 2200 236 2281 gliae
253 2220 397 2282 reguum
418 2201 485 2283 ipsi
508 2202 743 2284 subjugatum,
767 2210 803 2264 et
824 2200 889 2263 boc
910 2207 1101 2283 atempore

155 2317 225 2381 quo
246 2318 325 2362 cum
347 2300 423 2381 ipso
444 2299 511 2362 fuit
530 2299 568 2362 in
587 2300 743 2381 partibus
764 2300 1002 2363 transmarinis
1022 2320 1031 2378 3
1065 2309 1100 2364 et

155 2396 233 2461 ideo
249 2417 410 2479 guerram
426 2398 527 2462 istam
550 2398 745 2479 specialiter
763 2398 902 2479 incepit,
919 2406 960 2462 ut
975 2419 1019 2462 ex
1037 2398 1100 2463 boc

156 2503 295 2578 sumpta
323 2497 504 2560 occasione
538 2497 633 2578 prius
666 2515 768 2578 posse
805 2497 1032 2578 imperatoris,
1066 2508 1101 2562 et

156 2601 278 2677 postea
298 2594 412 2677 ipsum
436 2595 677 2676 imperatorem
693 2602 854 2675 vocaret;
877 2603 913 2659 et
933 2595 998 2659 hoc
1021 2617 1100 2678 pro·

155 2693 269 2758 babile
291 2694 439 2771 videtur,
461 2694 543 2775 quia
565 2694 601 2757 iu
623 2693 795 2757 discordia
817 2695 909 2773 regis
935 2695 1102 2761 abscessit

155 2793 200 2856 ab
215 2791 359 2874 Anglia,
379 2800 415 2857 et
435 2792 536 2856 modo
554 2791 664 2875 jurat,
682 2791 774 2874 quod
793 2797 844 2855 tot
866 2791 970 2856 faciet
984 2796 1101 2858 venire

156 2892 192 2954 in
203 2890 382 2973 Angliam,
395 2892 488 2974 quod
500 2891 698 2973 cooperient
713 2898 822 2954 totam
837 2889 987 2954 terram'
1011 2891 1101 2956 Item

156 2989 274 3054 dicunt
298 2990 484 3055 consiliarii
510 2990 613 3071 regis,
641 2996 754 3054 tutum
780 3009 856 3052 esse
880 2989 1100 3068 Marescallo,

156 3096 196 3152 ut
211 3109 249 3153 se
265 3096 439 3171 supponat
460 3088 704 3153 misericordiae
723 3088 810 3172 ejus,
830 3089 912 3171 quia
933 3097 1048 3171 potest
1064 3090 1100 3154 in

155 3206 272 3270 regem
298 3189 466 3252 confidere
496 3196 531 3252 et
553 3188 758 3251 consiliariis
786 3188 883 3271 ejus;
915 3188 951 3252 in
973 3210 1100 3272 regem,

155 3287 239 3369 quia
260 3287 453 3351 misericors
474 3294 509 3352 et
529 3287 700 3351 credibilis
722 3294 799 3368 est;
825 3288 861 3350 in
884 3290 1100 3367 consiliariis,

155 3386 237 3468 quia
253 3404 428 3468 nunquam
447 3386 655 3451 Marescallo
671 3386 799 3449 malum
816 3397 1099 3468 procuraverunt,

154 3485 224 3548 imo
234 3484 383 3567 diligunt
394 3504 473 3549 eum
486 3486 522 3548 in
535 3486 693 3550 veritate.
727 3484 783 3549 Ad
799 3484 873 3549 baec
889 3487 1099 3568 respondeus

154 3582 384 3648 Marescallus
408 3583 503 3661 dicit,
518 3585 609 3667 quod
633 3585 745 3648 ‘bene
770 3590 983 3665 potestesse
1006 3586 1099 3667 quod

154 3701 217 3746 rex
237 3684 430 3747 misericors
455 3683 514 3760 sit,
539 3683 597 3746 sed
621 3682 784 3746 seductus
801 3689 855 3744 est
876 3681 1018 3745 consilio
1040 3703 1100 3747 eo·

152 3801 228 3845 rum
253 3802 314 3864 per
330 3801 417 3865 quos
443 3801 506 3845 nos
523 3783 677 3863 graviter
698 3782 799 3844 laesos
824 3781 999 3843 sentimus.
1053 3783 1099 3846 Et

153 3880 244 3963 quod
262 3901 325 3944 rex
337 3881 383 3945 sit
400 3881 571 3945 credibilis
588 3873 701 3962 ¹patet
712 3885 880 3960 quantum
896 3878 932 3940 in
949 3897 987 3941 se
1000 3880 1097 3961 ipso;

152 3980 226 4056 sed,
251 3988 418 4062 quantum
443 3980 487 4043 ad
512 3979 693 4044 consilium
721 3978 796 4061 ejus
825 3977 986 4058 pertinet,
1009 3977 1098 4056 dico,

150 4230 156 4241 ι
188 4156 282 4279 :lpum
298 4161 414 4223 quantum
430 4157 457 4206 ia
473 4173 499 4206 ee
515 4156 594 4221 ipsa]
612 4157 722 4206 ‘Potest
732 4170 799 4220 esse,
812 4161 934 4217 quantum
950 4157 976 4207 iu
993 4170 1020 4206 se
1037 4156 1093 4219 ipso

148 4244 176 4278 ru
212 4265 219 4280 .
