2978 4996
366 436 431 501 124
579 520 583 528 Ι
623 447 758 496 noorai
784 446 831 493 nn
855 442 1063 494 wannovnn

205 627 328 668 anna.
366 609 442 693 ejus
474 608 689 674 vocationem
722 606 823 689 plene
857 610 1111 683 convenerant;
1144 602 1218 681 sed,
1249 604 1320 668 illis

367 709 496 773 auditis
522 728 564 772 ac
587 707 770 789 diligenter
791 703 989 780 intellectis,
1014 701 1143 783 singuli
1162 703 1322 785 singulos

367 808 412 872 ad
443 809 550 882 risum
584 807 770 871 movebant
803 822 908 886 super
936 802 1217 884 concupiscentia
1246 802 1322 866 Ro·

367 927 559 985 manorum,
582 907 643 991 qui
665 905 751 968 illud
767 903 896 966 morale
914 921 983 965 non
1001 901 1212 984 intelligunt,
1227 900 1322 966 vide-

368 1007 450 1071 licet

451 1055 479 1132 5‘
489 1096 591 1162 Quod¹
606 1096 695 1154 virtus
709 1093 810 1163 reddit,
824 1112 882 1151 non
896 1092 987 1170 copia,
1002 1092 1206 1162 sufficientem

489 1193 529 1251 Et
541 1211 598 1250 non
613 1200 772 1270 paupertas,
787 1189 837 1248 sed
850 1190 953 1247 mentis
966 1188 1070 1260 hiatus,
1084 1188 1233 1267 egentem!

369 1313 470 1377 Tunc
493 1329 568 1387 rex,
594 1310 796 1374 convocatis
820 1328 974 1373 seorsum
1001 1309 1156 1393 praelatis
1184 1315 1220 1373 el
1242 1309 1321 1393 qui·

369 1409 516 1474 busdam
549 1409 782 1489 magnatibus,
813 1407 879 1471 boc
908 1408 1167 1492 archiepiscopo
1197 1408 1323 1473 dedere

371 1527 573 1590 responsum
587 1525 597 1584 ;
622 1514 631 1542 ⁴
645 1506 742 1584 Ista,’
767 1507 940 1590 inquiunt,
955 1511 1056 1590 ‘quas
1082 1507 1206 1572 suadet
1223 1509 1323 1571 nobis

371 1609 531 1672 dominus
546 1625 650 1690 papa,
666 1607 863 1670 universam
879 1604 1152 1671 Christianitatis
1165 1607 1323 1671 latitudi-

372 1727 450 1771 nem
464 1706 676 1789 respiciunt3
700 1712 736 1769 et
756 1706 918 1789 quoniam
936 1724 999 1769 uos
1024 1707 1125 1789 quasi
1147 1707 1183 1771 in
1208 1713 1325 1771 extre-

371 1806 436 1869 mis
464 1806 557 1869 orbis
582 1805 765 1870 constituti
788 1823 907 1868 sumus
930 1807 1101 1888 partibus,
1125 1824 1202 1869 cum
1229 1805 1326 1870 vide·

371 1906 477 1968 rimus
498 1905 648 1987 qualiter
665 1912 791 1969 caetera
812 1923 922 1986 regna
941 1923 1026 1986 erga
1048 1905 1136 1969 tales
1158 1924 1195 1969 se
1216 1906 1328 1969 habu·

372 2005 463 2069 erint
494 2005 708 2081 exactiones,
741 2004 899 2067 dominus
935 2023 1040 2086 papa,
1068 2024 1146 2068 cum
1173 2005 1218 2067 ab
1246 2006 1326 2069 aliis

372 2103 489 2185 regnis
518 2103 739 2167 babuerimus
763 2102 973 2186 exemplum,
998 2104 1034 2166 in
1061 2103 1236 2186 obsequiis
1261 2124 1326 2168 nos

373 2203 526 2267 inveniet
551 2203 628 2265 aliis
652 2203 905 2284 promptiores?
957 2202 1015 2278 Et,
1037 2202 1092 2267 bis
1109 2202 1223 2281 dictis,
1241 2223 1325 2267 con-

372 2320 472 2366 cessa
487 2307 541 2364 est
554 2301 712 2364 omnibus
730 2301 870 2366 licentia
887 2301 1080 2367 recedendi.

460 2469 549 2551 Quod
573 2471 663 2536 nulio
685 2492 800 2557 macno
813 2471 911 2556 suctu
932 2482 975 2538 est
994 2495 1086 2559 suaper
1107 2475 1243 2540 mmitom

742 2570 954 2635 Tholosunum.

230 2735 254 2763 ,u
294 2734 306 2762 0
426 2693 599 2758 Paridem
617 2699 754 2776 tempus
770 2694 864 2759 sacta
879 2702 932 2760 est
946 2695 1147 2778 praedicatio
1166 2697 1202 2760 in
1219 2697 1329 2780 parti-

213 2784 297 2863 munn'o
330 2782 342 2811 ⁰
375 2796 438 2858 bns
465 2793 658 2858 Gallicanis
678 2813 700 2857 a
722 2794 840 2876 legato
861 2793 1021 2859 Romano
1044 2797 1264 2877 generaliter,
1288 2804 1329 2861 ut

248 2884 260 2911 ⁰
284 2883 342 2913 ‘’¹¹⁸''
374 2915 506 2972 omnes,
528 2894 587 2978 qui
610 2900 753 2975 possent
773 2911 870 2957 arma
896 2914 1044 2971 movere,
1071 2914 1109 2958 se
1134 2915 1235 2959 cruce
1256 2898 1327 2978 sig-

375 3001 499 3057 narent
523 3011 629 3074 super
654 2994 813 3056 comitem
839 2993 1075 3058 Tholosanum
1099 3002 1135 3057 et
1161 2996 1327 3078 populum

376 3094 464 3176 ejus,
487 3093 547 3173 qui
572 3110 690 3155 omnes
708 3090 872 3156 haeretica
885 3093 1042 3157 foeditate
1058 3092 1261 3158 dicebantur
1275 3095 1329 3158 in-

378 3191 471 3253 fecti.
516 3188 573 3252 Ad
589 3189 664 3273 ojus
682 3209 819 3273 quoque
841 3192 1120 3275 praedicationem
1142 3193 1329 3258 multitudo

378 3289 532 3351 maxima
554 3288 774 3370 praelatorum
800 3297 836 3354 et
852 3292 1017 3356 laicorum
1035 3292 1146 3356 crucis
1169 3292 1332 3374 signacu-

378 3388 450 3451 lum
485 3397 723 3470 susceperunt,
756 3389 835 3473 plus
865 3400 960 3454 metu
992 3391 1083 3473 regis
1118 3392 1330 3455 Francorum

379 3488 435 3550 vel
459 3487 577 3552 lavore
605 3488 725 3570 legati,
753 3508 857 3571 quam
890 3490 964 3554 zelo
992 3490 1151 3574 justitiae,
1179 3491 1331 3571 inducti;

379 3587 561 3650 videbatur
584 3588 676 3650 enim
696 3588 813 3651 multis
836 3590 971 3666 abusio,
997 3597 1035 3652 ut
1055 3590 1227 3653 hominem
1249 3590 1333 3654 iide-

378 3687 445 3750 lem
465 3686 701 3751 Christianum
729 3687 945 3765 infestarent,
968 3689 1141 3771 praecipuo
1158 3708 1236 3753 cum
1252 3709 1335 3754 con·

379 3793 488 3850 staret
511 3787 644 3849 cunctis
670 3806 747 3849 eum
773 3787 809 3850 in
831 3788 977 3851 concilio
1004 3807 1115 3869 nuper
1134 3787 1226 3869 apud
1250 3789 1335 3853 civi·

381 3893 487 3949 tatem
507 3885 695 3950 Bituricam
722 3886 840 3950 habito
863 3887 982 3950 multis
1008 3887 1167 3970 precibus
1191 3908 1335 3971 persua·

380 3986 467 4048 sisse
497 3984 626 4066 legato,
654 3992 693 4048 ut
718 3987 850 4049 veniret
878 3985 922 4050 ad
949 3985 1106 4068 singulus
1131 3995 1233 4052 terrae
1261 4009 1335 4053 suae

513 4221 519 4251 ¹
530 4218 686 4275 Quodcirtus
696 4215 799 4289 reddit]
819 4221 914 4273 ‘Quod
925 4221 987 4272 lacit
998 4217 1092 4272 virtus‘
1104 4222 1131 4272 iu
1142 4222 1201 4274 MS.
