2978 4996
367 404 432 467 302
629 420 761 467 nocam
789 421 834 466 oo
859 418 1065 466 wnunovsu

205 592 329 632 att-¹2³⁴.
369 585 534 657 repetere,
568 584 603 637 et
625 594 726 656 posse
757 576 848 655 regis
881 583 916 638 et
941 573 1200 638 consiliatorum
1240 574 1319 656 ojus

370 676 480 739 modis
495 673 653 738 omnibus
669 675 794 756 quibus
810 681 947 755 poterat
963 672 1148 736 infirmare.

492 847 541 909 De
553 846 659 931 iniquo
673 845 799 909 consilio
818 845 975 928 Gaesi-idi
990 844 1026 907 dc
1040 844 1193 908 Matisco.

207 985 351 1073 maffia
421 969 576 1052 Cumque
593 970 699 1033 verba
720 967 856 1031 comitis
876 965 1074 1029 Maresoalli
1096 966 1318 1045 magnatibus

210 1135 289 1174 amn.

207 1046 338 1133 &iffa
369 1087 462 1150 saepe
484 1069 586 1132 dictis
608 1088 630 1131 a
646 1065 854 1148 Templariis
874 1065 1019 1129 fuissent
1035 1064 1224 1141 declarata,
1242 1063 1317 1146 pla-

370 1168 443 1230 cuit
456 1169 506 1230 eis
524 1167 743 1232 vehementer
759 1164 802 1229 ad
827 1164 1035 1245 colloquium
1053 1164 1182 1239 venire,
1205 1164 1317 1227 scieu-

372 1274 423 1329 tes
439 1286 477 1328 se
496 1267 645 1348 majores
663 1265 787 1329 habere
800 1264 892 1327 vires
908 1272 944 1326 et
961 1271 1172 1327 armatorum
1195 1263 1316 1344 copias

370 1385 474 1446 quam
503 1364 731 1428 Marescallus
763 1363 924 1440 baberet3
956 1361 1257 1425 babueruntcnim
1280 1362 1315 1423 in

370 1465 559 1545 proposito,
575 1462 668 1544 quod
683 1463 757 1524 sine
775 1461 959 1542 campestri
974 1460 1094 1542 praelio
1112 1460 1154 1522 ad
1175 1460 1316 1541 propria

371 1581 438 1624 nou
457 1561 617 1625 redirent.
671 1559 898 1625 Marescallus
922 1579 1003 1623 vero
1026 1578 1048 1622 a
1070 1558 1236 1622 militibus
1259 1578 1317 1621 su·

371 1659 539 1739 perdicto
557 1660 696 1740 negotio
718 1658 899 1722 consilium
915 1677 1072 1740 quarens
1092 1656 1195 1733 dixit,
1211 1663 1221 1689 ‘
1236 1657 1316 1720 Suf-

372 1757 472 1821 ticere
498 1758 580 1821 mibi
608 1759 721 1834 debet,
748 1765 786 1821 ut
803 1756 988 1821 concedam
1015 1757 1213 1838 proceribus
1239 1756 1315 1819 istis

372 1856 527 1921 inducias
561 1858 766 1940 postulatas,
794 1856 877 1938 quia
908 1855 1042 1938 justum
1071 1854 1152 1918 mihi
1178 1855 1314 1918 videtur

372 1963 406 2018 et
426 1958 551 2022 rationi
580 1957 765 2020 subnixum
791 1954 883 2036 quod
908 1962 1052 2037 petunt3
1083 1954 1172 2016 unde
1196 1953 1313 2030 timeo,

371 2056 400 2117 si
416 2057 465 2118 eis
481 2057 680 2137 aequitatem
696 2055 809 2117 facere
827 2073 1011 2133 negavero,
1026 2074 1068 2116 ne
1083 2052 1234 2117 deterius
1252 2054 1315 2116 mi·

373 2152 405 2214 ni
428 2155 632 2234 contingat!
684 2153 764 2216 Hoc
782 2172 857 2214 cum
883 2152 1034 2215 audisset
1057 2150 1249 2215 Gaufridus
1271 2152 1314 2216 de

373 2251 406 2312 Μ
414 2253 537 2327 aristeo,
564 2253 623 2332 qui
657 2253 689 2313 ei
719 2251 838 2314 dolose
868 2249 1066 2314 adbaerebat
1096 2258 1131 2314 et
1156 2252 1314 2314 conscius

371 2358 447 2411 erat
468 2351 617 2430 provisae
644 2349 848 2430 proditionis
879 2368 920 2412 ac
941 2350 1068 2425 socius,
1098 2350 1255 2430 prorupit
1279 2350 1313 2412 in

372 2467 489 2510 vocem
513 2448 734 2529 blasphemiae
757 2447 923 2512 adversus
945 2468 1042 2526 eum3
1065 2447 1165 2529 quasi
1187 2467 1232 2510 ex
1255 2466 1313 2510 ca·

372 2546 475 2610 ritate
500 2546 644 2628 loquens
661 2546 751 2611 dixit
766 2547 879 2629 ipsum
897 2566 966 2609 uon
980 2545 1086 2609 fuisse
1104 2544 1213 2609 filium
1228 2545 1314 2610 Wil-

372 2645 464 2708 lelmi
493 2648 608 2727 magni
637 2646 847 2723 Marescalli,
866 2647 925 2728 qui
948 2645 1091 2708 consilio
1111 2654 1147 2708 ct
1164 2646 1313 2725 prudeu-

372 2745 431 2819 tia,
458 2746 663 2810 strenuitate
688 2746 818 2827 pariter
839 2752 875 2808 et
897 2743 1054 2821 audacia,
1076 2763 1195 2806 omnes
1225 2745 1316 2807 occi·

370 2843 517 2907 dentalis
540 2845 675 2927 imperii
696 2845 822 2908 milites
838 2843 1035 2926 superabat.
1068 2842 1137 2905 ‘Et
1155 2849 1194 2905 tu
1212 2842 1314 2906 modo

370 2943 510 3005 timidus
541 2944 683 3007 effectus
716 2961 859 3023 regnum
893 2941 1084 3018 Hiberniae,
1107 2941 1201 3023 quod
1223 2960 1315 3004 nuuc

369 3042 556 3122 subjugare
575 3043 682 3116 vales,
704 3060 766 3122 per
790 3040 966 3122 &naviam
984 3040 1138 3103 obtinere
1160 3048 1314 3104 contem·

370 3139 446 3215 nis;
470 3140 617 3204 induciae
638 3140 819 3223 siquidem,
842 3159 930 3221 quas
955 3147 1079 3221 petunt
1102 3138 1229 3203 inimici
1249 3141 1313 3216 tui,

368 3236 596 3301 frustratoriae
622 3246 715 3316 sunt,
742 3247 782 3303 ut
802 3238 853 3303 sic
878 3239 1068 3320 impediant
1093 3256 1313 3320 progressum

368 3341 477 3399 tuum.
530 3335 680 3401 Noveris
712 3346 827 3402 autem
856 3339 1058 3414 certissime,
1080 3337 1171 3419 quod
1195 3337 1315 3402 hostes

368 3434 418 3495 tui
442 3453 572 3513 omnes,
596 3443 726 3501 comte
750 3437 898 3501 viderint
918 3445 1089 3501 armatum
1104 3445 1140 3499 et
1157 3435 1201 3498 ad
1224 3456 1315 3519 pug-

367 3551 446 3595 nam
468 3533 549 3598 licet
564 3555 640 3599 cum
656 3536 776 3617 paucis
799 3543 1041 3617 praeparatum,
1057 3541 1157 3614 terga
1174 3542 1315 3600 verten-

366 3638 418 3694 tes
439 3652 502 3714 per
519 3633 637 3715 sugam
652 3633 798 3698 evadere
813 3632 1054 3697 conabuntur!
1099 3632 1210 3696 Erant
1223 3653 1315 3714 prm·

365 3737 461 3794 terea
491 3732 617 3796 ibidem
647 3741 682 3797 et
701 3732 773 3795 alii
807 3731 935 3796 milites
965 3741 1088 3814 quater
1110 3732 1236 3811 viginti
1258 3733 1316 3796 vel

365 3829 494 3909 plures,
523 3833 582 3912 qui
615 3832 658 3896 de
690 3830 899 3895 Marescallo
933 3832 968 3894 iu
1002 3830 1173 3895 Hibernia
1202 3838 1316 3895 terras

365 3929 540 4004 tenebant,
562 3932 606 3993 ab
628 3931 785 3995 hostibus
806 3929 882 4012 ejus
904 3931 1070 4011 corrupti,
1090 3929 1149 4011 qui
1173 3929 1206 3991 ei
1229 3948 1316 3993 con·

363 4026 543 4093 suluerunt
559 4029 718 4112 idipsum,
742 4028 931 4110 proditiose
954 4029 1050 4092 illum
1074 4028 1232 4108 decipere
1256 4049 1317 4093 cu·

363 4125 508 4204 pientes.
