2978 4996
403 435 542 483 nunnus
566 435 836 486 nrsrouranuu.
1032 422 1097 486 165

144 591 280 674 publice
298 593 495 656 nuntiamus
513 601 549 658 et
563 592 766 656 mandamus
784 594 829 656 ab
845 595 1004 659 omnibus
1021 615 1097 660 arc·
1109 612 1164 653 aa.
1175 612 1232 652 ura.

145 692 214 755 tius
231 693 368 769 evitari,
386 712 448 775 per
464 712 524 756 vos
540 699 576 756 et
591 693 678 756 alios
694 692 917 756 ecclesiarum
932 695 1095 776 praelatos
1108 662 1258 752 diffidi?

144 793 481 856 excommunicatum
498 791 665 855 facientes
679 791 816 873 publice
831 794 999 873 nuntiari;
1016 813 1095 858 con·
1107 763 1175 802 ‘md'

143 898 198 954 tra
223 892 349 974 ipsum,
369 891 400 954 si
423 891 640 954 contumacia
666 890 742 973 ejus
764 893 932 971 exegerit,
954 895 1095 974 gravius

143 991 349 1072 processuri.
393 990 607 1054 Confidimus
629 996 745 1052 tamen
768 991 880 1053 adhuc
900 992 936 1054 in
959 993 1007 1074 pii
1025 992 1094 1056 Pa·

143 1090 206 1152 tris
233 1089 428 1165 clementia,
456 1090 515 1170 qui
546 1089 714 1152 neminem
744 1089 820 1153 vult
847 1092 969 1171 perire,
1002 1093 1094 1174 quod

143 1189 234 1251 oculi
251 1189 375 1251 mentis
394 1188 586 1269 caligantes
608 1187 674 1251 hoc
696 1187 929 1254 ecclesiastico
949 1190 1093 1255 delibuti

142 1287 299 1369 collyrio,
321 1287 438 1351 sinon
459 1287 562 1351 fuerit
579 1288 695 1350 animo
714 1286 863 1364 rebellis,
882 1289 1011 1352 lumine
1030 1309 1092 1373 po-

143 1393 262 1450 terunt
287 1387 466 1463 illustrari,
489 1394 528 1450 ut
543 1405 641 1449 suam
664 1387 810 1468 aspiciat
832 1387 1034 1465 nuditatem,
1057 1397 1093 1453 et

141 1486 364 1566 ignominiam
387 1504 499 1562 suam,
523 1504 626 1567 quam
641 1486 797 1562 incurrit,
811 1492 959 1564 avertat,
974 1489 1092 1569 sicque

142 1592 297 1648 recurrat
323 1585 366 1647 ad
394 1584 582 1660 Medicum,
616 1591 652 1647 et
674 1585 716 1647 ad
744 1593 889 1649 matrem
911 1586 1092 1650 ecclesiam

141 1690 347 1760 revertatur,
366 1703 429 1765 per
451 1684 681 1746 humilitatem
702 1684 854 1747 debitam
877 1693 912 1749 et
933 1686 1092 1751 satisfac·

143 1783 271 1847 tionem
308 1801 497 1863 congruam
536 1782 660 1845 salutis
692 1782 843 1846 remedia
880 1793 1091 1866 recepturus.

141 1880 220 1946 ,Nos
251 1881 342 1944 enim
372 1882 448 1965 ejus
480 1881 628 1944 salutem
651 1880 687 1942 in
716 1880 866 1945 Domino
891 1881 1092 1947 affectamus

141 1979 294 2057 interire,
318 2000 420 2062 quem
443 1980 523 2043 olim
547 1982 679 2044 sincere
704 1979 887 2042 dileximus
910 1980 946 2042 in
969 1981 1091 2045 minori

143 2079 248 2143 etiam
271 2078 382 2143 officio
408 2080 599 2143 constituti.
660 2079 755 2142 Data
782 2078 955 2157 Laterani,
979 2080 1092 2161 ponti·

144 2178 266 2242 licatus
283 2179 392 2243 nostri
410 2197 501 2242 anno
515 2178 691 2242 secundo.'

191 2352 341 2431 Quomodo
352 2354 600 2441 promolyoooril
612 2354 749 2438 soso-isso
760 2355 1051 2419 oeconomooicotam

554 2453 675 2538 injuste.

196 2574 391 2657 Imperator
411 2577 530 2658 itaque
552 2577 768 2654 Fredericus,
784 2596 861 2640 cum
880 2598 901 2641 a
916 2578 1091 2642 referenti·
1103 2595 1252 2704 crohrgpeffirgf

144 2673 209 2735 bus
231 2693 268 2736 se
297 2677 630 2740 excommunicatum
654 2677 885 2758 cognovisset,
910 2677 1247 2761 perturba-uernans?

144 2778 200 2835 tus
223 2780 276 2836 est
300 2774 421 2854 valde;
445 2783 481 2838 et
498 2777 588 2839 sicut
610 2795 703 2858 papa
728 2796 790 2858 per
812 2775 930 2837 literas
953 2793 1035 2837 suas
1055 2744 1251 2836 inigid‘ndiffi'

143 2873 302 2935 omnibus
319 2873 593 2938 Christianorum
611 2874 735 2937 finibus
753 2873 859 2936 latam
875 2873 1090 2937 fecoratsen·

146 2972 290 3035 tentiam
323 2973 503 3054 publicari,
534 2975 584 3037 ita
608 2972 721 3037 dictus
743 2974 931 3054 imperator
952 2972 1091 3053 scripsit

145 3070 316 3135 universis
337 3073 475 3153 regibus
498 3080 532 3136 et
549 3073 761 3156 principibus
779 3071 984 3136 Christianis
1006 3091 1088 3135 con-

142 3176 290 3249 ‘querens
303 3171 510 3235 seutentiam
526 3172 561 3235 iu
579 3192 657 3236 eum
668 3172 773 3235 fuisse
788 3172 953 3255 injuriose
970 3171 1087 3235 latam.

144 3266 374 3332 Denuntiavit
398 3271 503 3334 etiam
526 3272 674 3352 singulis
699 3279 735 3335 et
755 3272 937 3347 universiS,
960 3291 997 3334 se
1020 3291 1088 3334 non

143 3365 275 3431 frivolis
305 3370 599 3447 excusationibus,
630 3371 721 3433 sicut
748 3371 780 3434 ei
805 3390 898 3453 papa
928 3370 1089 3433 mendose

142 3464 318 3547 imposuit,
349 3487 371 3530 a
402 3469 679 3550 peregrinatione
707 3489 881 3533 reversum
916 3469 1089 3545 inchoata,

144 3564 204 3627 sed
228 3566 388 3630 maximae
413 3568 621 3631 infirmitatis
636 3587 754 3645 causa,
775 3567 875 3630 Illius
898 3586 1004 3649 super
1024 3564 1089 3629 hoc

146 3664 379 3727 testimonium
413 3667 590 3744 invocans,
623 3668 683 3748 qui
719 3674 772 3730 est
803 3666 902 3729 testis
933 3665 969 3726 in
1003 3663 1088 3727 caelo

143 3761 264 3826 fidelis
294 3762 491 3828 Affirmavit
507 3767 659 3847 insuper,
675 3766 769 3847 quia,
784 3783 887 3846 quam
903 3763 1006 3825 citius
1023 3763 1089 3824 sibi

139 3860 240 3924 ‘Deus
266 3865 530 3945 prosperitatem
553 3865 754 3948 praestiterit
777 3861 1003 3944 corporalem,
1028 3880 1088 3924 vo·

143 3967 215 4023 tum
226 3981 299 4024 suae
312 3964 610 4044 peregrinationis,
622 3965 711 4026 sicut
728 3963 827 4025 decet
837 3962 1090 4043 imperatorem,

144 4078 222 4122 cum
244 4059 373 4125 honore
395 4082 549 4144 congruo
571 4062 767 4146 persolvere
792 4061 942 4124 Domino
966 4078 1090 4141 procu·

143 4159 244 4223 rabit.
299 4159 396 4225 Inter
415 4170 560 4226 caeteros
585 4161 753 4244 siquidem
780 4160 967 4225 catholicos
994 4178 1091 4240 reges
