2978 4996
471 474 611 523 rannus
634 474 906 524 nrsronranuu.
1094 457 1160 522 323

208 633 339 714 spexit,
365 653 433 697 uon
461 632 562 698 debet
594 633 658 697 boc
684 634 719 696 in
746 632 1028 698 consuetudinem
1056 632 1158 708 trabi,
1173 644 1309 732 ssigssgpgfil

209 733 292 813 quia
329 732 391 796 illa
423 733 500 796 sola
540 732 754 797 consuetudo
791 732 938 796 tenenda
975 740 1040 809 est,
1080 744 1278 814 quaeatssome-

204 831 286 915 jure
319 840 457 895 constat
484 840 520 895 et
546 833 681 896 ratione
712 832 883 910 subnixa3
914 839 961 907 et,
990 830 1081 914 quod
1106 831 1159 892 his

210 931 370 995 omnibus
391 931 503 1015 majus
526 939 591 1008 est,
619 930 778 995 Christus
806 932 841 993 in
864 950 965 994 cruce
990 950 1053 993 suo
1080 949 1160 993 sau·

211 1031 318 1111 guine
335 1031 387 1094 ita
402 1030 545 1093 liberam
567 1031 648 1094 fecit
664 1030 772 1107 iilam,
789 1030 881 1111 quod
903 1049 966 1092 nec
983 1037 1092 1110 portae
1108 1030 1161 1092 in·

210 1128 293 1193 serae
320 1129 560 1211 praevalebunt
582 1128 748 1214 adversus
772 1148 861 1192 eam.
914 1128 982 1191 His
1005 1129 1111 1209 igitur
1125 1136 1161 1191 et

211 1228 290 1291 aliis
318 1228 361 1291 de
390 1229 505 1292 causis
531 1229 622 1292 inter
653 1228 825 1292 dominum
851 1246 976 1310 papam
1007 1235 1043 1292 et
1068 1229 1160 1291 cives

213 1326 393 1391 Romanos
425 1327 486 1391 lite
519 1336 726 1403 contestata,
753 1327 842 1392 idern
867 1346 958 1408 papa
984 1346 1061 1390 cum
1088 1328 1160 1389 suis

213 1425 445 1489 cardinalibus
466 1426 577 1488 exivit
593 1427 637 1489 ab
653 1427 738 1490 urbe
754 1434 789 1491 et
804 1427 896 1507 apud
913 1427 1031 1488 urbem
1052 1425 1160 1488 Peru-

212 1524 302 1589 sium
318 1544 447 1588 moram
465 1525 619 1588 facturus
635 1525 787 1589 divertit.
852 1524 901 1589 At
916 1525 1066 1589 Romani
1082 1545 1161 1588 con-

214 1631 270 1688 tra
287 1644 364 1687 eum
386 1624 638 1688 invalescentes
654 1624 813 1706 quaedam
832 1624 941 1705 ipsius
962 1625 1108 1687 aedilicia
1125 1625 1161 1687 in

214 1723 357 1787 civitate
376 1730 651 1804 prostraverunt,
675 1723 765 1785 unde
785 1742 807 1786 a
823 1741 915 1804 papa
930 1724 1161 1786 excommuni-

215 1822 285 1885 cati
301 1821 461 1899 fuerunt3
487 1822 546 1903 qui
562 1822 679 1896 etiam,
697 1821 809 1902 ipsum
824 1822 1065 1902 imperatorem
1083 1840 1160 1884 cum

216 1920 252 1983 iu
269 1920 324 1983 sui
339 1920 492 1984 favorem
508 1927 715 1996 attraxerat,
731 1919 957 1999 congregavit
972 1919 1161 1981 exercitum

215 2020 405 2100 copiosum,
430 2027 470 2084 ut
494 2020 660 2101 impetum
684 2019 884 2100 reprimeret
914 2016 1161 2080 Romanorum.

216 2111 334 2182 Tunc¹
365 2119 540 2182 exercitus
568 2118 785 2199 imperatoris
811 2124 846 2181 et
868 2117 1041 2179 exercitus
1068 2135 1162 2178 snm·

216 2217 264 2281 mi
287 2217 460 2298 pontificis
491 2217 593 2280 simul
621 2217 864 2280 convenientes
886 2215 1016 2278 casalia
1041 2234 1163 2277 eorun-

216 2315 294 2379 dem
310 2315 545 2379 Romanorum
561 2335 623 2397 per
635 2336 759 2397 gyrum
778 2316 872 2379 urbis
890 2316 1004 2396 posita
1021 2333 1163 2377 numero

216 2415 407 2480 octodecim
434 2422 699 2496 prostraverunt
720 2423 756 2478 ct
777 2416 898 2478 vineas
932 2413 1163 2490 succiderunt,

218 2513 311 2577 unde
333 2515 426 2578 cives
452 2515 518 2596 ipsi
541 2513 733 2595 perturbati
755 2514 915 2577 exierunt
937 2516 980 2577 ab
1003 2515 1087 2575 urbe
1110 2533 1168 2576 oc·

218 2620 303 2676 tavo
330 2613 407 2676 idus
431 2613 607 2689 Octobris,
638 2613 701 2675 viri
724 2620 763 2675 ut
786 2611 912 2674 dicitnr
935 2613 1059 2675 armati
1088 2631 1167 2674 cen-

219 2719 293 2777 tum
312 2712 432 2788 millia,
450 2720 490 2776 ut
506 2711 861 2785 civitatem‘Viterbii,
878 2729 956 2791 quae
974 2710 1017 2772 ad
1032 2710 1091 2792 jus
1107 2710 1166 2772 do·

219 2811 304 2874 mini
332 2830 431 2892 papae
453 2811 646 2893 spectabat,
668 2809 858 2891 spoliarent
880 2816 914 2870 et
937 2809 1016 2888 igne
1037 2807 1166 2889 spolia-

220 2917 292 2974 tam
322 2918 600 2987 concremareut;
634 2909 706 2985 sed,
734 2927 811 2971 cum
837 2905 1072 2970 irrationabile
1092 2907 1169 2969 vnl-

221 3028 288 3090 gus
315 3008 467 3072 civitatis
496 3010 627 3090 absque
651 3007 833 3088 disciplina
863 3006 1003 3068 militari
1033 3005 1169 3068 exirent

221 3115 257 3171 et
271 3108 465 3188 agminibus
480 3107 678 3171 incederent
688 3106 877 3181 dissolutis
895 3105 985 3167 acics
1002 3103 1168 3166 militares

220 3205 330 3288 ipsius
361 3227 461 3289 papae
487 3214 522 3271 et
545 3206 763 3288 imperatoris
792 3207 836 3269 ab
858 3204 990 3268 insidiis
1012 3223 1168 3285 prorum·

222 3312 344 3388 pentes
367 3306 502 3369 irruunt
526 3307 561 3368 in
589 3305 768 3369 Romanos
794 3313 828 3368 et
854 3325 898 3367 ex
928 3305 977 3367 eis
1007 3322 1168 3385 magnam

221 3413 387 3486 stragem,
410 3425 479 3468 non
502 3414 616 3469 tamen
642 3405 716 3467 sine
740 3424 879 3468 suorum
900 3403 1053 3479 laesione,
1079 3403 1169 3465 sece-

222 3511 314 3567 runt.
368 3503 576 3567 Ceciderunt
602 3511 717 3567 autem
747 3502 825 3567 binc
850 3502 929 3564 inde
953 3502 997 3563 ad
1026 3502 1170 3580 triginta

222 3602 332 3665 millia
354 3612 588 3681 armatorum;
619 3602 678 3665 sed
699 3600 849 3665 Romani
866 3608 981 3662 tamen
1004 3598 1168 3680 majorem

222 3702 376 3783 perpessi
406 3710 488 3765 sunt
508 3710 673 3782 stragem,
705 3700 827 3781 utqui
851 3697 1044 3778 agminibus
1072 3696 1171 3758 dissi-

257 3899 344 3951 ¹Trotc
363 3901 486 3950 exercitas
505 3901 684 3965 imperatoria]
710 3901 762 3949 lide
779 3901 878 3948 vocavit
894 3898 927 3947 ad
944 3897 1081 3945 exercitum
1097 3910 1171 3944 snum

222 3971 299 4019 Paris
315 3971 374 4019 bere
391 3971 475 4032 reads,
487 3972 574 4020 ‘Tunc
591 3972 686 4020 exerci-
711 3970 857 4032 regendum,
872 3975 926 4017 turn
942 3969 1045 4027 propter
1060 3965 1173 4013 thesauri

222 4045 265 4089 tus
288 4041 379 4088 summi
402 4042 536 4103 pontilicis,
560 4042 602 4090 cui
621 4056 687 4102 prae·
711 4039 901 4098 abundantiam,
917 4041 970 4085 turn
988 4040 1090 4096 propter
1108 4035 1173 4083 mili·

222 4115 370 4158 erateomes
386 4109 555 4170 'tholosanus
572 4124 688 4171 quaerens
711 4109 783 4157 tandi
804 4109 918 4170 peritiam
925 4106 944 4167 3’
969 4120 1011 4153 see
1033 4105 1125 4165 below,
1146 4119 1173 4165 p.

223 4180 341 4240 gratiam,
363 4185 388 4227 et
410 4180 545 4240 episcopus
566 4180 688 4227 Wiutoni·
714 4183 772 4228 ΒΜ.

224 4248 303 4312 ensis,
323 4263 398 4310 quem
418 4248 535 4298 dominns
554 4263 623 4309 papa
638 4248 689 4297 cel-

1021 4319 1069 4361 ³²2
