2978 4996
475 436 615 486 enonas
638 437 911 490 nrsronrsnnn.
1099 427 1166 491 203

210 593 304 658 aliud
335 594 522 659 remedium
551 615 620 659 non
645 595 825 673 hahentes,
852 597 990 675 calices,
1018 598 1165 681 phialas,
1178 618 1233 660 an.
1246 620 1302 659 na.

210 693 414 776 philacteria
444 703 480 757 et
502 694 572 757 alia
600 714 701 758 sacra
728 695 850 758 altaris
879 716 977 772 vasa,
1007 700 1164 778 quaedam

210 792 451 869 vendiderunt,
484 793 652 857 nonnulla
686 787 740 856 ¹in
773 795 899 875 pignus
932 797 998 858 suh
1034 797 1166 862 foenore

211 899 412 973 posuerunt.
455 891 637 954 Continuis
654 892 963 969 maledictionibus,
977 894 1037 957 sed
1052 897 1167 958 occul·
1202 965 1206 974 ¹

215 990 272 1066 tis,
286 991 419 1072 repleta
436 997 490 1053 est
502 996 607 1066 terra,
622 991 892 1072 imprecantibus
907 994 1054 1070 cunctis,
1072 995 1165 1076 quod

214 1107 389 1169 nunquam
408 1089 489 1153 talis
507 1089 646 1152 exactio
666 1089 740 1152 suis
760 1088 823 1152 fiat
838 1093 1058 1154 exactoribus
1074 1093 1165 1156 fruc-

216 1194 328 1251 tuosa.
381 1187 484 1250 Solus
507 1206 622 1250 comes
645 1186 840 1251 Castrensis
865 1189 1085 1271 Ranulphus,
1103 1211 1166 1255 no·

212 1285 287 1349 lens
316 1295 443 1350 terram
475 1304 575 1348 snam
605 1286 759 1367 redigere
788 1287 824 1350 in
854 1289 1068 1366 servitutem,
1096 1311 1166 1354 non

214 1384 371 1465 permisit
393 1385 435 1448 de
461 1384 562 1448 feodo
588 1403 651 1447 sno
668 1385 761 1448 viros
786 1385 967 1467 religiosos
989 1389 1045 1452 vel
1065 1389 1165 1453 cleri·

214 1502 273 1546 cos
291 1484 441 1547 decimas
459 1492 666 1546 memoratas
682 1484 849 1561 conferre,
866 1488 1024 1567 quamvis
1035 1488 1166 1569 Anglia

214 1589 250 1646 et
262 1582 405 1659 Wallia,
420 1582 538 1647 Scotia
553 1590 588 1645 et
604 1581 776 1646 Hibernia
791 1584 835 1646 ad
849 1585 1056 1649 solutionem
1074 1606 1167 1650 com-

214 1681 399 1762 pellantur.
446 1680 526 1746 Hoc
543 1688 660 1744 autem
674 1682 792 1744 multis
807 1683 841 1745 in
858 1683 923 1746 hac
938 1684 1165 1749 decimatione

213 1779 375 1843 solatium
392 1781 568 1861 praehehat
584 1788 620 1843 et
635 1780 803 1856 levamen,
820 1781 912 1863 quod
930 1802 1037 1863 regna
1054 1792 1165 1846 trans-

213 1879 347 1941 marina
359 1886 395 1942 et
406 1879 508 1959 longe
531 1879 645 1960 posita
662 1898 731 1941 non
745 1886 827 1941 sunt
843 1880 887 1941 ab
901 1881 970 1942 ista
983 1883 1164 1944 exactione

214 1978 342 2058 quieta.
396 1977 553 2057 Cumque
569 1977 708 2040 tandem
722 1978 867 2040 istarum
883 1978 1063 2059 plenitudo
1076 1980 1163 2043 divi·

216 2077 342 2139 tiaram
360 2076 403 2139 ad
427 2095 598 2139 summum
619 2075 818 2157 pontificem
844 2076 1068 2158 pervenisset,
1090 2077 1165 2159 ipse

215 2174 370 2238 Johanni
395 2175 437 2238 de
460 2176 622 2238 Breisnes
646 2182 681 2237 et
706 2175 784 2237 aliis
815 2175 947 2238 militiae
974 2195 1046 2239 snae
1072 2178 1165 2257 prin-

214 2275 348 2354 cipibus
370 2274 421 2336 ita
436 2273 617 2336 affluenter
639 2292 699 2335 eas
721 2273 908 2350 distribuit,
930 2275 1021 2355 quod
1048 2276 1164 2355 gravi·

215 2380 268 2436 ter
285 2372 390 2435 cessit
406 2372 441 2435 in
459 2371 621 2434 damnum
637 2363 866 2452 imperatoris,
879 2373 961 2435 dum
977 2374 1166 2455 municipia

216 2471 292 2554 ejus
317 2478 353 2534 et
382 2470 527 2533 castella
555 2471 592 2532 in
617 2469 693 2551 ejus
719 2470 875 2534 absentia
905 2474 1163 2536 subvertebant.

216 2569 346 2634 Eodem
372 2588 464 2633 anno
493 2568 659 2649 magister
675 2567 861 2636 ‚Robertus
885 2570 928 2633 de
955 2571 1163 2652 Bingeham,

215 2667 476 2732 Saresbiriensis
508 2667 652 2743 electus,
684 2667 775 2748 apud
808 2667 1008 2748 Septoniam
1039 2687 1163 2731 munus

214 2767 482 2831 consecrationis
498 2766 662 2846 suscepit,
676 2772 778 2828 sexto
795 2763 962 2828 kalendas
976 2766 999 2830 J
1002 2768 1087 2843 unii,
1103 2787 1164 2847 per

216 2885 355 2929 manum
367 2864 546 2941 Willelmi,
555 2863 808 2945 wigorniensis
825 2864 987 2946 episcopi,
998 2865 1163 2928 adstanti-

214 2966 279 3030 bus
303 2965 485 3047 episcopis,
505 2962 528 3026 J
531 2964 664 3027 ocelino
686 2962 926 3039 Bathoniensi,
952 2971 987 3026 et
1007 2964 1163 3026 Alexan·

214 3064 277 3127 dro
289 3062 528 3127 coventrensi.
582 3061 710 3126 Eodem
727 3071 880 3143 tempore
891 3081 953 3125 rex
969 3060 1164 3144 Anglorum

253 3275 303 3322 1Ιιι
320 3272 411 3336 pigrus
429 3270 473 3320 aab
483 3271 578 3330 scum
595 3285 678 3333 posue·
702 3267 888 3332 abominanda,'
899 3270 957 3318 who
969 3271 1086 3320 involved
1104 3271 1166 3332 king

216 3344 296 3406 rant]
314 3342 491 3402 Anticipating
501 3340 677 3402 thedilliculty
703 3339 752 3386 and
776 3340 875 3401 subJect
896 3340 965 3389 aliko
989 3341 1078 3388 within
1101 3341 1166 3390 their

217 3414 271 3463 that
279 3411 360 3472 might
367 3412 434 3459 arise
446 3418 472 3458 to
483 3410 525 3458 the
535 3409 621 3470 clergy
628 3409 678 3457 and
703 3412 754 3458 net.
781 3408 835 3456 The
847 3410 959 3457 instance
970 3410 1030 3458 here
1044 3411 1164 3458 recorded

217 3483 301 3532 others
317 3480 347 3528 oi
365 3480 474 3541 meeting
494 3479 537 3527 the
557 3478 679 3527 demands
703 3491 812 3538 appears
831 3483 857 3526 to
875 3478 940 3527 huve
959 3480 1022 3527 been
1041 3479 1083 3527 the
1099 3494 1165 3527 com-

218 3553 291 3601 made
308 3565 375 3612 npon
390 3549 457 3597 them
476 3549 502 3596 in
520 3547 570 3596 this
587 3548 680 3608 iniqui·
703 3551 858 3595 mencement
868 3548 897 3595 or'
905 3547 946 3595 the
959 3553 1052 3607 system
1069 3548 1099 3596 of
1112 3563 1164 3595 mo·

218 3627 276 3671 tous
290 3625 344 3681 tax,
360 3619 402 3667 the
418 3620 511 3680 legate,
526 3618 547 3663 it
561 3631 679 3678 appears,
703 3615 1165 3676 ney·lending,alterwardspractised

217 3690 267 3752 had
289 3687 399 3749 brought
420 3686 483 3735 with
505 3686 556 3734 him
584 3687 679 3734 certain
703 3685 737 3744 by
759 3685 801 3733 the
824 3685 917 3732 Italian
940 3684 1081 3732 merchants
1100 3685 1165 3732 until

218 3757 427 3819 money-leaders,
437 3755 505 3816 who,
522 3761 549 3803 at
565 3770 598 3803 an
608 3770 679 3804 enor-
704 3754 746 3802 the
762 3754 833 3814 reign
850 3754 879 3802 of
897 3753 1009 3800 Edward
1027 3752 1068 3800 the
1088 3753 1164 3803 third.

217 3844 290 3878 mons
307 3830 420 3886 interest,
442 3824 562 3885 supplied
580 3824 623 3873 the
642 3839 680 3872 re·
702 3823 756 3871 The
773 3823 862 3871 render
877 3837 934 3882 may
951 3822 1001 3870 lind
1019 3837 1034 3869 a
1051 3837 1111 3882 very
1126 3823 1164 3870 in-

217 3897 306 3959 quired
317 3910 396 3945 sums.
431 3894 624 3943 Thesensnrcrs
635 3908 679 3942 are
703 3893 826 3953 teresting
837 3906 916 3952 paper
926 3906 992 3952 upon
999 3891 1049 3939 this
1058 3892 1166 3953 subject,

216 3966 366 4017 afterwards
373 3964 470 4026 spoken
478 3963 506 4012 ol
515 3964 547 4024 by
555 3963 679 4011 Matthew
704 3963 738 4022 hy
750 3963 801 4010 Mr.
814 3961 886 4009 Bond
898 3961 927 4009 ol
935 3961 977 4008 the
994 3961 1089 4008 British
1106 3962 1165 4010 Mn·

218 4038 293 4086 Paris
304 4036 385 4084 under
394 4035 437 4083 the
448 4034 503 4081 title
515 4032 544 4081 oi
552 4032 682 4093 Gauraini,
704 4045 785 4092 seusu,
801 4031 827 4079 in
847 4031 888 4079 tha
910 4030 1097 4095 Arohaeologia,
1116 4031 1165 4081 vol.

215 4107 289 4168 from,
305 4121 335 4154 as
349 4105 381 4154 be
397 4118 467 4165 says,
479 4105 629 4151 ‘causantes
640 4102 680 4150 vel
703 4101 794 4149 xxviii.
806 4116 832 4163 p.
840 4105 898 4150 2⁰7.

215 4178 346 4239 capientes
357 4180 383 4223 et
393 4168 490 4234 ursini,'
507 4187 536 4220 as
552 4186 568 4220 a
584 4173 680 4233 ‘pestis
