<?xml version="1.0" encoding="UTF-8"?>
<!DOCTYPE html PUBLIC "-//W3C//DTD XHTML 1.0 Transitional//EN"
    "http://www.w3.org/TR/xhtml1/DTD/xhtml1-transitional.dtd">
<html xmlns="http://www.w3.org/1999/xhtml" xml:lang="en" lang="en">
 <head>
  <title>
</title>
<meta http-equiv="Content-Type" content="text/html;charset=utf-8" />
  <meta name='ocr-system' content='tesseract 3.04.00' />
  <meta name='ocr-capabilities' content='ocr_page ocr_carea ocr_par ocr_line ocrx_word'/>
</head>
<body>
  <div class='ocr_page' id='page_1' title='image "./rogeridewendove02rogegoog_0112.png"; bbox 0 0 2978 4996; ppageno 0'>
   <div class='ocr_carea' id='block_1_1' title="bbox 491 414 1176 479">
    <p class='ocr_par' dir='ltr' id='par_1_1' title="bbox 491 414 1176 479">
     <span class='ocr_line' id='line_1_1' title="bbox 491 414 1176 479; baseline 0.007 -5"><span class='ocrx_word' id='word_1_1' title='bbox 491 426 630 475; x_wconf 69' lang='lat' dir='ltr'>seorsus</span> <span class='ocrx_word' id='word_1_2' title='bbox 654 427 923 479; x_wconf 76' lang='lat' dir='ltr'>nrsroarnnun.</span> <span class='ocrx_word' id='word_1_3' title='bbox 1113 414 1176 479; x_wconf 88' lang='lat'>101</span> 
     </span>
    </p>
   </div>
   <div class='ocr_carea' id='block_1_2' title="bbox 171 578 1311 3213">
    <p class='ocr_par' dir='ltr' id='par_1_2' title="bbox 171 578 1311 3213">
     <span class='ocr_line' id='line_1_2' title="bbox 227 578 1311 664; baseline 0.004 -21"><span class='ocrx_word' id='word_1_4' title='bbox 227 599 308 662; x_wconf 89' lang='lat' dir='ltr'>rege</span> <span class='ocrx_word' id='word_1_5' title='bbox 332 581 481 645; x_wconf 90' lang='lat' dir='ltr'>donatus</span> <span class='ocrx_word' id='word_1_6' title='bbox 503 590 558 646; x_wconf 89' lang='lat' dir='ltr'>est</span> <span class='ocrx_word' id='word_1_7' title='bbox 576 578 732 664; x_wconf 89' lang='lat' dir='ltr'>¹cingulo</span> <span class='ocrx_word' id='word_1_8' title='bbox 755 584 906 660; x_wconf 90' lang='lat' dir='ltr'>militari,</span> <span class='ocrx_word' id='word_1_9' title='bbox 924 592 959 648; x_wconf 89' lang='lat' dir='ltr'>ct</span> <span class='ocrx_word' id='word_1_10' title='bbox 975 585 1091 649; x_wconf 90' lang='lat' dir='ltr'>decem</span> <span class='ocrx_word' id='word_1_11' title='bbox 1116 608 1311 652; x_wconf 61' lang='lat' dir='ltr'>nonanus.</span> 
     </span>
     <span class='ocr_line' id='line_1_3' title="bbox 227 681 1176 765; baseline 0.009 -23"><span class='ocrx_word' id='word_1_12' title='bbox 227 681 313 742; x_wconf 91' lang='lat' dir='ltr'>biles</span> <span class='ocrx_word' id='word_1_13' title='bbox 340 700 418 742; x_wconf 90' lang='lat' dir='ltr'>cum</span> <span class='ocrx_word' id='word_1_14' title='bbox 447 700 500 757; x_wconf 90' lang='lat' dir='ltr'>eo,</span> <span class='ocrx_word' id='word_1_15' title='bbox 523 683 584 763; x_wconf 92' lang='lat' dir='ltr'>qui</span> <span class='ocrx_word' id='word_1_16' title='bbox 613 682 657 744; x_wconf 85' lang='lat' dir='ltr'>ad</span> <span class='ocrx_word' id='word_1_17' title='bbox 685 681 761 764; x_wconf 89' lang='lat' dir='ltr'>ejus</span> <span class='ocrx_word' id='word_1_18' title='bbox 784 690 865 745; x_wconf 89' lang='lat' dir='ltr'>sunt</span> <span class='ocrx_word' id='word_1_19' title='bbox 887 684 1087 765; x_wconf 89' lang='lat' dir='ltr'>obsequium</span> <span class='ocrx_word' id='word_1_20' title='bbox 1117 686 1176 751; x_wconf 90' lang='lat' dir='ltr'>de·</span> 
     </span>
     <span class='ocr_line' id='line_1_4' title="bbox 227 779 1174 863; baseline 0.008 -23"><span class='ocrx_word' id='word_1_21' title='bbox 227 779 360 859; x_wconf 89' lang='lat' dir='ltr'>putati;</span> <span class='ocrx_word' id='word_1_22' title='bbox 387 779 447 859; x_wconf 92' lang='lat' dir='ltr'>qui</span> <span class='ocrx_word' id='word_1_23' title='bbox 472 786 595 860; x_wconf 90' lang='lat' dir='ltr'>postea</span> <span class='ocrx_word' id='word_1_24' title='bbox 612 788 765 860; x_wconf 91' lang='lat' dir='ltr'>tempore</span> <span class='ocrx_word' id='word_1_25' title='bbox 788 781 930 857; x_wconf 90' lang='lat' dir='ltr'>vernali,</span> <span class='ocrx_word' id='word_1_26' title='bbox 952 801 973 844; x_wconf 89' lang='lat' dir='ltr'>a</span> <span class='ocrx_word' id='word_1_27' title='bbox 991 802 1072 863; x_wconf 87' lang='lat' dir='ltr'>rege</span> <span class='ocrx_word' id='word_1_28' title='bbox 1096 803 1174 848; x_wconf 91' lang='lat' dir='ltr'>curn</span> 
     </span>
     <span class='ocr_line' id='line_1_5' title="bbox 227 870 1173 961; baseline 0.005 -21"><span class='ocrx_word' id='word_1_29' title='bbox 227 870 420 940; x_wconf 84' lang='lat' dir='ltr'>Willelmo²</span> <span class='ocrx_word' id='word_1_30' title='bbox 449 879 574 940; x_wconf 81' lang='lat' dir='ltr'>comite</span> <span class='ocrx_word' id='word_1_31' title='bbox 610 878 853 941; x_wconf 90' lang='lat' dir='ltr'>Saresbiriensi</span> <span class='ocrx_word' id='word_1_32' title='bbox 879 886 914 941; x_wconf 93' lang='lat' dir='ltr'>et</span> <span class='ocrx_word' id='word_1_33' title='bbox 936 878 1099 961; x_wconf 88' lang='lat' dir='ltr'>Philippo</span> <span class='ocrx_word' id='word_1_34' title='bbox 1131 883 1173 946; x_wconf 89' lang='lat' dir='ltr'>de</span> 
     </span>
     <span class='ocr_line' id='line_1_6' title="bbox 225 974 1173 1058; baseline 0.005 -20"><span class='ocrx_word' id='word_1_35' title='bbox 225 974 394 1039; x_wconf 85' lang='lat' dir='ltr'>Albeneio</span> <span class='ocrx_word' id='word_1_36' title='bbox 420 975 654 1058; x_wconf 84' lang='lat' dir='ltr'>militibusque</span> <span class='ocrx_word' id='word_1_37' title='bbox 682 975 912 1057; x_wconf 84' lang='lat' dir='ltr'>quadraginta</span> <span class='ocrx_word' id='word_1_38' title='bbox 935 978 970 1040; x_wconf 95' lang='lat' dir='ltr'>in</span> <span class='ocrx_word' id='word_1_39' title='bbox 990 979 1173 1044; x_wconf 91' lang='lat' dir='ltr'>Wasconi-</span> 
     </span>
     <span class='ocr_line' id='line_1_7' title="bbox 225 1072 1173 1157; baseline 0.006 -22"><span class='ocrx_word' id='word_1_40' title='bbox 225 1092 280 1135; x_wconf 88' lang='lat' dir='ltr'>am</span> <span class='ocrx_word' id='word_1_41' title='bbox 302 1072 358 1136; x_wconf 89' lang='lat' dir='ltr'>die</span> <span class='ocrx_word' id='word_1_42' title='bbox 385 1073 583 1138; x_wconf 88' lang='lat' dir='ltr'>Palmarum</span> <span class='ocrx_word' id='word_1_43' title='bbox 605 1076 742 1150; x_wconf 90' lang='lat' dir='ltr'>missus,</span> <span class='ocrx_word' id='word_1_44' title='bbox 761 1074 846 1137; x_wconf 87' lang='lat' dir='ltr'>velis</span> <span class='ocrx_word' id='word_1_45' title='bbox 868 1078 1041 1157; x_wconf 84' lang='lat' dir='ltr'>prosperis</span> <span class='ocrx_word' id='word_1_46' title='bbox 1066 1078 1101 1139; x_wconf 93' lang='lat' dir='ltr'>in</span> <span class='ocrx_word' id='word_1_47' title='bbox 1125 1079 1173 1141; x_wconf 91' lang='lat' dir='ltr'>ci-</span> 
     </span>
     <span class='ocr_line' id='line_1_8' title="bbox 224 1171 1170 1255; baseline 0.006 -23"><span class='ocrx_word' id='word_1_48' title='bbox 224 1172 334 1234; x_wconf 90' lang='lat' dir='ltr'>vitate</span> <span class='ocrx_word' id='word_1_49' title='bbox 358 1171 608 1253; x_wconf 85' lang='lat' dir='ltr'>Burdogalensi</span> <span class='ocrx_word' id='word_1_50' title='bbox 629 1191 746 1235; x_wconf 91' lang='lat' dir='ltr'>omnes</span> <span class='ocrx_word' id='word_1_51' title='bbox 768 1171 913 1236; x_wconf 83' lang='lat' dir='ltr'>feliciter</span> <span class='ocrx_word' id='word_1_52' title='bbox 939 1175 1170 1255; x_wconf 85' lang='lat' dir='ltr'>appulerunt;</span> 
     </span>
     <span class='ocr_line' id='line_1_9' title="bbox 224 1270 1171 1352; baseline 0.005 -21"><span class='ocrx_word' id='word_1_53' title='bbox 224 1288 370 1351; x_wconf 88' lang='lat' dir='ltr'>quorum</span> <span class='ocrx_word' id='word_1_54' title='bbox 393 1270 563 1334; x_wconf 90' lang='lat' dir='ltr'>adventus</span> <span class='ocrx_word' id='word_1_55' title='bbox 588 1290 664 1333; x_wconf 92' lang='lat' dir='ltr'>cum</span> <span class='ocrx_word' id='word_1_56' title='bbox 696 1270 954 1352; x_wconf 82' lang='lat' dir='ltr'>archiepiscopo</span> <span class='ocrx_word' id='word_1_57' title='bbox 981 1280 1017 1335; x_wconf 89' lang='lat' dir='ltr'>et</span> <span class='ocrx_word' id='word_1_58' title='bbox 1038 1275 1171 1337; x_wconf 85' lang='lat' dir='ltr'>civibus</span> 
     </span>
     <span class='ocr_line' id='line_1_10' title="bbox 223 1368 1172 1448; baseline 0.005 -18"><span class='ocrx_word' id='word_1_59' title='bbox 223 1368 425 1448; x_wconf 81' lang='lat' dir='ltr'>divulgatus</span> <span class='ocrx_word' id='word_1_60' title='bbox 449 1369 584 1444; x_wconf 85' lang='lat' dir='ltr'>fuisset,</span> <span class='ocrx_word' id='word_1_61' title='bbox 612 1369 796 1432; x_wconf 90' lang='lat' dir='ltr'>honorifice</span> <span class='ocrx_word' id='word_1_62' title='bbox 829 1371 873 1432; x_wconf 96' lang='lat' dir='ltr'>ah</span> <span class='ocrx_word' id='word_1_63' title='bbox 901 1371 1059 1433; x_wconf 91' lang='lat' dir='ltr'>omnibus</span> <span class='ocrx_word' id='word_1_64' title='bbox 1088 1381 1172 1436; x_wconf 88' lang='lat' dir='ltr'>sunt</span> 
     </span>
     <span class='ocr_line' id='line_1_11' title="bbox 223 1467 1170 1548; baseline 0.004 -20"><span class='ocrx_word' id='word_1_65' title='bbox 223 1467 361 1547; x_wconf 73' lang='lat' dir='ltr'>recepti„</span> <span class='ocrx_word' id='word_1_66' title='bbox 414 1467 561 1542; x_wconf 85' lang='lat' dir='ltr'>Deinde,</span> <span class='ocrx_word' id='word_1_67' title='bbox 579 1468 798 1548; x_wconf 88' lang='lat' dir='ltr'>congregatis</span> <span class='ocrx_word' id='word_1_68' title='bbox 820 1468 953 1530; x_wconf 89' lang='lat' dir='ltr'>civibus</span> <span class='ocrx_word' id='word_1_69' title='bbox 975 1488 1090 1532; x_wconf 91' lang='lat' dir='ltr'>coram</span> <span class='ocrx_word' id='word_1_70' title='bbox 1114 1489 1170 1532; x_wconf 88' lang='lat' dir='ltr'>ar·</span> 
     </span>
     <span class='ocr_line' id='line_1_12' title="bbox 222 1564 1169 1646; baseline 0.006 -20"><span class='ocrx_word' id='word_1_71' title='bbox 222 1564 440 1646; x_wconf 90' lang='lat' dir='ltr'>chiepiscopo</span> <span class='ocrx_word' id='word_1_72' title='bbox 470 1574 504 1628; x_wconf 94' lang='lat' dir='ltr'>et</span> <span class='ocrx_word' id='word_1_73' title='bbox 530 1565 659 1627; x_wconf 90' lang='lat' dir='ltr'>nuntiis</span> <span class='ocrx_word' id='word_1_74' title='bbox 688 1566 792 1644; x_wconf 88' lang='lat' dir='ltr'>regis,</span> <span class='ocrx_word' id='word_1_75' title='bbox 825 1564 1033 1642; x_wconf 85' lang='lat' dir='ltr'>Richardus,</span> <span class='ocrx_word' id='word_1_76' title='bbox 1061 1567 1169 1632; x_wconf 85' lang='lat' dir='ltr'>frater</span> 
     </span>
     <span class='ocr_line' id='line_1_13' title="bbox 221 1662 1167 1747; baseline 0.007 -23"><span class='ocrx_word' id='word_1_77' title='bbox 221 1663 313 1743; x_wconf 90' lang='lat' dir='ltr'>regis</span> <span class='ocrx_word' id='word_1_78' title='bbox 346 1662 514 1744; x_wconf 85' lang='lat' dir='ltr'>praedicti,</span> <span class='ocrx_word' id='word_1_79' title='bbox 536 1663 655 1727; x_wconf 79' lang='lat' dir='ltr'>literas</span> <span class='ocrx_word' id='word_1_80' title='bbox 687 1663 803 1726; x_wconf 86' lang='lat' dir='ltr'>fratris</span> <span class='ocrx_word' id='word_1_81' title='bbox 833 1664 887 1726; x_wconf 90' lang='lat' dir='ltr'>sui</span> <span class='ocrx_word' id='word_1_82' title='bbox 909 1665 1167 1747; x_wconf 88' lang='lat' dir='ltr'>archiepiscopo</span> 
     </span>
     <span class='ocr_line' id='line_1_14' title="bbox 219 1761 1166 1843; baseline 0.005 -20"><span class='ocrx_word' id='word_1_83' title='bbox 219 1767 255 1823; x_wconf 91' lang='lat' dir='ltr'>et</span> <span class='ocrx_word' id='word_1_84' title='bbox 280 1761 414 1824; x_wconf 88' lang='lat' dir='ltr'>civibus</span> <span class='ocrx_word' id='word_1_85' title='bbox 440 1762 574 1824; x_wconf 90' lang='lat' dir='ltr'>cunctis</span> <span class='ocrx_word' id='word_1_86' title='bbox 603 1763 770 1843; x_wconf 85' lang='lat' dir='ltr'>porrexit,</span> <span class='ocrx_word' id='word_1_87' title='bbox 795 1761 831 1822; x_wconf 89' lang='lat' dir='ltr'>iu</span> <span class='ocrx_word' id='word_1_88' title='bbox 860 1762 985 1843; x_wconf 89' lang='lat' dir='ltr'>quibus</span> <span class='ocrx_word' id='word_1_89' title='bbox 1012 1782 1074 1826; x_wconf 88' lang='lat' dir='ltr'>rex</span> <span class='ocrx_word' id='word_1_90' title='bbox 1103 1764 1166 1828; x_wconf 90' lang='lat' dir='ltr'>hu·</span> 
     </span>
     <span class='ocr_line' id='line_1_15' title="bbox 221 1858 1167 1941; baseline 0.005 -20"><span class='ocrx_word' id='word_1_91' title='bbox 221 1858 348 1922; x_wconf 87' lang='lat' dir='ltr'>militer</span> <span class='ocrx_word' id='word_1_92' title='bbox 369 1859 590 1941; x_wconf 88' lang='lat' dir='ltr'>supplicavit,</span> <span class='ocrx_word' id='word_1_93' title='bbox 614 1868 785 1941; x_wconf 87' lang='lat' dir='ltr'>quatenns</span> <span class='ocrx_word' id='word_1_94' title='bbox 814 1877 932 1921; x_wconf 90' lang='lat' dir='ltr'>omnes</span> <span class='ocrx_word' id='word_1_95' title='bbox 956 1860 1110 1925; x_wconf 90' lang='lat' dir='ltr'>homines</span> <span class='ocrx_word' id='word_1_96' title='bbox 1132 1871 1167 1927; x_wconf 94' lang='lat' dir='ltr'>et</span> 
     </span>
     <span class='ocr_line' id='line_1_16' title="bbox 220 1955 1167 2039; baseline 0.004 -21"><span class='ocrx_word' id='word_1_97' title='bbox 220 1956 338 2020; x_wconf 85' lang='lat' dir='ltr'>fideles</span> <span class='ocrx_word' id='word_1_98' title='bbox 362 1958 416 2020; x_wconf 91' lang='lat' dir='ltr'>sui</span> <span class='ocrx_word' id='word_1_99' title='bbox 437 1958 480 2020; x_wconf 92' lang='lat' dir='ltr'>de</span> <span class='ocrx_word' id='word_1_100' title='bbox 503 1958 700 2039; x_wconf 80' lang='lat' dir='ltr'>regionibus</span> <span class='ocrx_word' id='word_1_101' title='bbox 727 1956 796 2019; x_wconf 93' lang='lat' dir='ltr'>illis</span> <span class='ocrx_word' id='word_1_102' title='bbox 819 1955 959 2019; x_wconf 85' lang='lat' dir='ltr'>fratrem</span> <span class='ocrx_word' id='word_1_103' title='bbox 982 1957 1058 2039; x_wconf 91' lang='lat' dir='ltr'>ejus</span> <span class='ocrx_word' id='word_1_104' title='bbox 1085 1961 1167 2022; x_wconf 88' lang='lat' dir='ltr'>ami-</span> 
     </span>
     <span class='ocr_line' id='line_1_17' title="bbox 220 2054 1168 2138; baseline 0.003 -20"><span class='ocrx_word' id='word_1_105' title='bbox 220 2055 377 2119; x_wconf 89' lang='lat' dir='ltr'>cabiliter</span> <span class='ocrx_word' id='word_1_106' title='bbox 399 2057 624 2138; x_wconf 89' lang='lat' dir='ltr'>susciperent,</span> <span class='ocrx_word' id='word_1_107' title='bbox 650 2063 686 2118; x_wconf 90' lang='lat' dir='ltr'>et</span> <span class='ocrx_word' id='word_1_108' title='bbox 708 2054 888 2118; x_wconf 90' lang='lat' dir='ltr'>consilium</span> <span class='ocrx_word' id='word_1_109' title='bbox 914 2056 946 2117; x_wconf 90' lang='lat' dir='ltr'>ei</span> <span class='ocrx_word' id='word_1_110' title='bbox 975 2056 1104 2137; x_wconf 91' lang='lat' dir='ltr'>pariter</span> <span class='ocrx_word' id='word_1_111' title='bbox 1132 2066 1168 2121; x_wconf 87' lang='lat' dir='ltr'>et</span> 
     </span>
     <span class='ocr_line' id='line_1_18' title="bbox 218 2154 1167 2236; baseline 0.002 -20"><span class='ocrx_word' id='word_1_112' title='bbox 218 2154 387 2217; x_wconf 84' lang='lat' dir='ltr'>auxilium</span> <span class='ocrx_word' id='word_1_113' title='bbox 414 2161 633 2236; x_wconf 76' lang='lat' dir='ltr'>praestarent,</span> <span class='ocrx_word' id='word_1_114' title='bbox 656 2154 780 2235; x_wconf 91' lang='lat' dir='ltr'>quibus</span> <span class='ocrx_word' id='word_1_115' title='bbox 803 2161 912 2216; x_wconf 91' lang='lat' dir='ltr'>terras</span> <span class='ocrx_word' id='word_1_116' title='bbox 945 2154 1091 2217; x_wconf 87' lang='lat' dir='ltr'>amissas</span> <span class='ocrx_word' id='word_1_117' title='bbox 1113 2175 1167 2218; x_wconf 89' lang='lat' dir='ltr'>re·</span> 
     </span>
     <span class='ocr_line' id='line_1_19' title="bbox 219 2251 1165 2333; baseline 0.001 -18"><span class='ocrx_word' id='word_1_118' title='bbox 219 2271 345 2316; x_wconf 87' lang='lat' dir='ltr'>vocare</span> <span class='ocrx_word' id='word_1_119' title='bbox 357 2253 544 2332; x_wconf 89' lang='lat' dir='ltr'>valuisset;</span> <span class='ocrx_word' id='word_1_120' title='bbox 569 2261 605 2316; x_wconf 87' lang='lat' dir='ltr'>at</span> <span class='ocrx_word' id='word_1_121' title='bbox 617 2271 735 2315; x_wconf 90' lang='lat' dir='ltr'>omnes</span> <span class='ocrx_word' id='word_1_122' title='bbox 751 2251 941 2333; x_wconf 80' lang='lat' dir='ltr'>gaudenter</span> <span class='ocrx_word' id='word_1_123' title='bbox 958 2252 1069 2333; x_wconf 90' lang='lat' dir='ltr'>ipsum</span> <span class='ocrx_word' id='word_1_124' title='bbox 1088 2273 1165 2316; x_wconf 90' lang='lat' dir='ltr'>sus-</span> 
     </span>
     <span class='ocr_line' id='line_1_20' title="bbox 218 2350 1167 2433; baseline 0.003 -20"><span class='ocrx_word' id='word_1_125' title='bbox 218 2351 385 2432; x_wconf 89' lang='lat' dir='ltr'>cipientes</span> <span class='ocrx_word' id='word_1_126' title='bbox 406 2353 481 2432; x_wconf 87' lang='lat' dir='ltr'>regi</span> <span class='ocrx_word' id='word_1_127' title='bbox 503 2352 678 2433; x_wconf 90' lang='lat' dir='ltr'>perillum</span> <span class='ocrx_word' id='word_1_128' title='bbox 694 2350 835 2432; x_wconf 87' lang='lat' dir='ltr'>Angliae</span> <span class='ocrx_word' id='word_1_129' title='bbox 852 2350 1100 2433; x_wconf 89' lang='lat' dir='ltr'>subjectionem</span> <span class='ocrx_word' id='word_1_130' title='bbox 1118 2352 1167 2416; x_wconf 89' lang='lat' dir='ltr'>fe-</span> 
     </span>
     <span class='ocr_line' id='line_1_21' title="bbox 218 2449 1167 2532; baseline 0.002 -20"><span class='ocrx_word' id='word_1_131' title='bbox 218 2458 352 2515; x_wconf 89' lang='lat' dir='ltr'>cerunt.</span> <span class='ocrx_word' id='word_1_132' title='bbox 396 2449 578 2514; x_wconf 90' lang='lat' dir='ltr'>Venerunt</span> <span class='ocrx_word' id='word_1_133' title='bbox 592 2450 700 2531; x_wconf 87' lang='lat' dir='ltr'>igitur</span> <span class='ocrx_word' id='word_1_134' title='bbox 722 2449 765 2512; x_wconf 90' lang='lat' dir='ltr'>ad</span> <span class='ocrx_word' id='word_1_135' title='bbox 784 2469 861 2512; x_wconf 89' lang='lat' dir='ltr'>eum</span> <span class='ocrx_word' id='word_1_136' title='bbox 882 2449 981 2513; x_wconf 90' lang='lat' dir='ltr'>multi</span> <span class='ocrx_word' id='word_1_137' title='bbox 998 2449 1041 2512; x_wconf 91' lang='lat' dir='ltr'>de</span> <span class='ocrx_word' id='word_1_138' title='bbox 1058 2453 1167 2532; x_wconf 91' lang='lat' dir='ltr'>parti-</span> 
     </span>
     <span class='ocr_line' id='line_1_22' title="bbox 218 2547 1165 2630; baseline 0.003 -21"><span class='ocrx_word' id='word_1_139' title='bbox 218 2548 284 2610; x_wconf 90' lang='lat' dir='ltr'>bus</span> <span class='ocrx_word' id='word_1_140' title='bbox 301 2547 370 2611; x_wconf 91' lang='lat' dir='ltr'>illis</span> <span class='ocrx_word' id='word_1_141' title='bbox 388 2548 515 2612; x_wconf 89' lang='lat' dir='ltr'>milites</span> <span class='ocrx_word' id='word_1_142' title='bbox 533 2556 567 2612; x_wconf 93' lang='lat' dir='ltr'>et</span> <span class='ocrx_word' id='word_1_143' title='bbox 584 2549 784 2623; x_wconf 89' lang='lat' dir='ltr'>servientes,</span> <span class='ocrx_word' id='word_1_144' title='bbox 800 2548 1016 2629; x_wconf 90' lang='lat' dir='ltr'>quibuscum</span> <span class='ocrx_word' id='word_1_145' title='bbox 1038 2549 1165 2630; x_wconf 89' lang='lat' dir='ltr'>stipen-</span> 
     </span>
     <span class='ocr_line' id='line_1_23' title="bbox 216 2645 1165 2728; baseline 0.002 -20"><span class='ocrx_word' id='word_1_146' title='bbox 216 2645 275 2709; x_wconf 90' lang='lat' dir='ltr'>dia</span> <span class='ocrx_word' id='word_1_147' title='bbox 296 2645 504 2710; x_wconf 86' lang='lat' dir='ltr'>sufficienter</span> <span class='ocrx_word' id='word_1_148' title='bbox 523 2648 765 2722; x_wconf 79' lang='lat' dir='ltr'>ministrasset,</span> <span class='ocrx_word' id='word_1_149' title='bbox 783 2647 818 2708; x_wconf 94' lang='lat' dir='ltr'>in</span> <span class='ocrx_word' id='word_1_150' title='bbox 835 2645 911 2728; x_wconf 90' lang='lat' dir='ltr'>ejus</span> <span class='ocrx_word' id='word_1_151' title='bbox 932 2647 1096 2726; x_wconf 90' lang='lat' dir='ltr'>obsequio</span> <span class='ocrx_word' id='word_1_152' title='bbox 1115 2668 1165 2710; x_wconf 89' lang='lat' dir='ltr'>re-</span> 
     </span>
     <span class='ocr_line' id='line_1_24' title="bbox 171 2745 1164 2824; baseline 0.002 -19"><span class='ocrx_word' id='word_1_153' title='bbox 171 2779 178 2790; x_wconf 94' lang='lat'><strong>·</strong></span> <span class='ocrx_word' id='word_1_154' title='bbox 216 2753 442 2823; x_wconf 89' lang='lat' dir='ltr'>manserunt;</span> <span class='ocrx_word' id='word_1_155' title='bbox 473 2745 615 2809; x_wconf 89' lang='lat' dir='ltr'>dederat</span> <span class='ocrx_word' id='word_1_156' title='bbox 637 2747 668 2808; x_wconf 93' lang='lat' dir='ltr'>ei</span> <span class='ocrx_word' id='word_1_157' title='bbox 699 2762 847 2824; x_wconf 84' lang='lat' dir='ltr'>namque</span> <span class='ocrx_word' id='word_1_158' title='bbox 880 2762 954 2817; x_wconf 89' lang='lat' dir='ltr'>rex,</span> <span class='ocrx_word' id='word_1_159' title='bbox 980 2750 1164 2824; x_wconf 88' lang='lat' dir='ltr'>antequam</span> 
     </span>
     <span class='ocr_line' id='line_1_25' title="bbox 216 2839 1164 2925; baseline 0.002 -21"><span class='ocrx_word' id='word_1_160' title='bbox 216 2843 314 2905; x_wconf 93' lang='lat' dir='ltr'>illum</span> <span class='ocrx_word' id='word_1_161' title='bbox 338 2845 477 2907; x_wconf 90' lang='lat' dir='ltr'>miserat</span> <span class='ocrx_word' id='word_1_162' title='bbox 495 2843 539 2906; x_wconf 88' lang='lat' dir='ltr'>ad</span> <span class='ocrx_word' id='word_1_163' title='bbox 564 2851 680 2925; x_wconf 86' lang='lat' dir='ltr'>partes</span> <span class='ocrx_word' id='word_1_164' title='bbox 698 2841 958 2916; x_wconf 87' lang='lat' dir='ltr'>transmarinas,</span> <span class='ocrx_word' id='word_1_165' title='bbox 979 2839 1164 2906; x_wconf 83' lang='lat' dir='ltr'>cornubiae</span> 
     </span>
     <span class='ocr_line' id='line_1_26' title="bbox 216 2938 1164 3013; baseline -0.001 -10"><span class='ocrx_word' id='word_1_166' title='bbox 216 2942 419 3006; x_wconf 90' lang='lat' dir='ltr'>comitatum</span> <span class='ocrx_word' id='word_1_167' title='bbox 442 2961 520 3005; x_wconf 90' lang='lat' dir='ltr'>cum</span> <span class='ocrx_word' id='word_1_168' title='bbox 539 2950 614 3006; x_wconf 88' lang='lat' dir='ltr'>tota</span> <span class='ocrx_word' id='word_1_169' title='bbox 637 2940 809 3013; x_wconf 88' lang='lat' dir='ltr'>Pictavia,</span> <span class='ocrx_word' id='word_1_170' title='bbox 833 2938 923 3001; x_wconf 91' lang='lat' dir='ltr'>unde</span> <span class='ocrx_word' id='word_1_171' title='bbox 945 2939 989 3000; x_wconf 87' lang='lat' dir='ltr'>ab</span> <span class='ocrx_word' id='word_1_172' title='bbox 1006 2940 1164 3003; x_wconf 90' lang='lat' dir='ltr'>omnihus</span> 
     </span>
     <span class='ocr_line' id='line_1_27' title="bbox 214 3037 1163 3118; baseline -0.001 -15"><span class='ocrx_word' id='word_1_173' title='bbox 214 3059 330 3103; x_wconf 89' lang='lat' dir='ltr'>comes</span> <span class='ocrx_word' id='word_1_174' title='bbox 361 3040 591 3104; x_wconf 88' lang='lat' dir='ltr'>Pictaviensis</span> <span class='ocrx_word' id='word_1_175' title='bbox 621 3040 821 3103; x_wconf 88' lang='lat' dir='ltr'>vocabatur.</span> <span class='ocrx_word' id='word_1_176' title='bbox 890 3037 1015 3118; x_wconf 90' lang='lat' dir='ltr'>Itaque</span> <span class='ocrx_word' id='word_1_177' title='bbox 1049 3055 1163 3102; x_wconf 89' lang='lat' dir='ltr'>comes</span> 
     </span>
     <span class='ocr_line' id='line_1_28' title="bbox 215 3134 1162 3213; baseline 0.001 -13"><span class='ocrx_word' id='word_1_178' title='bbox 215 3136 424 3213; x_wconf 85' lang='lat' dir='ltr'>Richardus,</span> <span class='ocrx_word' id='word_1_179' title='bbox 450 3158 528 3203; x_wconf 89' lang='lat' dir='ltr'>cum</span> <span class='ocrx_word' id='word_1_180' title='bbox 558 3137 731 3202; x_wconf 88' lang='lat' dir='ltr'>avunculo</span> <span class='ocrx_word' id='word_1_181' title='bbox 758 3156 821 3200; x_wconf 90' lang='lat' dir='ltr'>suo</span> <span class='ocrx_word' id='word_1_182' title='bbox 840 3134 1015 3200; x_wconf 90' lang='lat' dir='ltr'>Willelmo</span> <span class='ocrx_word' id='word_1_183' title='bbox 1037 3138 1162 3201; x_wconf 91' lang='lat' dir='ltr'>comite</span> 
     </span>
    </p>
   </div>
   <div class='ocr_carea' id='block_1_3' title="bbox 211 3234 1162 3707">
    <p class='ocr_par' dir='ltr' id='par_1_3' title="bbox 211 3234 1162 3707">
     <span class='ocr_line' id='line_1_29' title="bbox 214 3234 1162 3318; baseline 0.001 -20"><span class='ocrx_word' id='word_1_184' title='bbox 214 3235 458 3301; x_wconf 89' lang='lat' dir='ltr'>Saresbiriensi</span> <span class='ocrx_word' id='word_1_185' title='bbox 480 3246 516 3301; x_wconf 89' lang='lat' dir='ltr'>et</span> <span class='ocrx_word' id='word_1_186' title='bbox 536 3237 700 3318; x_wconf 91' lang='lat' dir='ltr'>Philippo</span> <span class='ocrx_word' id='word_1_187' title='bbox 725 3236 768 3299; x_wconf 91' lang='lat' dir='ltr'>de</span> <span class='ocrx_word' id='word_1_188' title='bbox 790 3234 960 3299; x_wconf 85' lang='lat' dir='ltr'>Albeueio</span> <span class='ocrx_word' id='word_1_189' title='bbox 983 3242 1018 3299; x_wconf 94' lang='lat' dir='ltr'>et</span> <span class='ocrx_word' id='word_1_190' title='bbox 1038 3234 1162 3299; x_wconf 85' lang='lat' dir='ltr'>militia</span> 
     </span>
     <span class='ocr_line' id='line_1_30' title="bbox 213 3332 1162 3419; baseline 0 -21"><span class='ocrx_word' id='word_1_191' title='bbox 213 3336 368 3416; x_wconf 89' lang='lat' dir='ltr'>copiosa,</span> <span class='ocrx_word' id='word_1_192' title='bbox 395 3337 562 3419; x_wconf 75' lang='lat' dir='ltr'>processit</span> <span class='ocrx_word' id='word_1_193' title='bbox 585 3355 646 3418; x_wconf 87' lang='lat' dir='ltr'>per</span> <span class='ocrx_word' id='word_1_194' title='bbox 667 3335 769 3398; x_wconf 88' lang='lat' dir='ltr'>villas</span> <span class='ocrx_word' id='word_1_195' title='bbox 792 3341 828 3397; x_wconf 92' lang='lat' dir='ltr'>et</span> <span class='ocrx_word' id='word_1_196' title='bbox 849 3333 993 3397; x_wconf 85' lang='lat' dir='ltr'>castella</span> <span class='ocrx_word' id='word_1_197' title='bbox 1016 3332 1162 3398; x_wconf 89' lang='lat' dir='ltr'>Wasco-</span> 
     </span>
     <span class='ocr_line' id='line_1_31' title="bbox 213 3432 1161 3517; baseline 0.002 -23"><span class='ocrx_word' id='word_1_198' title='bbox 213 3433 280 3496; x_wconf 81' lang='lat' dir='ltr'>niae</span> <span class='ocrx_word' id='word_1_199' title='bbox 302 3436 466 3516; x_wconf 87' lang='lat' dir='ltr'>regionis,</span> <span class='ocrx_word' id='word_1_200' title='bbox 487 3444 522 3499; x_wconf 92' lang='lat' dir='ltr'>et</span> <span class='ocrx_word' id='word_1_201' title='bbox 540 3452 775 3517; x_wconf 90' lang='lat' dir='ltr'>quoscumque</span> <span class='ocrx_word' id='word_1_202' title='bbox 799 3432 1081 3509; x_wconf 85' lang='lat' dir='ltr'>contradictores,</span> <span class='ocrx_word' id='word_1_203' title='bbox 1102 3434 1161 3515; x_wconf 90' lang='lat' dir='ltr'>qui</span> 
     </span>
     <span class='ocr_line' id='line_1_32' title="bbox 213 3526 1160 3615; baseline 0 -22"><span class='ocrx_word' id='word_1_204' title='bbox 213 3530 411 3613; x_wconf 88' lang='lat' dir='ltr'>homagium</span> <span class='ocrx_word' id='word_1_205' title='bbox 438 3526 528 3615; x_wconf 75' lang='lat' dir='ltr'>³regi</span> <span class='ocrx_word' id='word_1_206' title='bbox 549 3543 584 3597; x_wconf 90' lang='lat' dir='ltr'>et</span> <span class='ocrx_word' id='word_1_207' title='bbox 601 3532 801 3595; x_wconf 88' lang='lat' dir='ltr'>fidelitatem</span> <span class='ocrx_word' id='word_1_208' title='bbox 827 3526 940 3594; x_wconf 88' lang='lat' dir='ltr'>facere</span> <span class='ocrx_word' id='word_1_209' title='bbox 965 3530 1160 3606; x_wconf 90' lang='lat' dir='ltr'>noluerunt,</span> 
     </span>
     <span class='ocr_line' id='line_1_33' title="bbox 211 3627 1161 3707; baseline -0.001 -16"><span class='ocrx_word' id='word_1_210' title='bbox 211 3631 358 3707; x_wconf 90' lang='lat' dir='ltr'>invenit,</span> <span class='ocrx_word' id='word_1_211' title='bbox 375 3632 519 3695; x_wconf 87' lang='lat' dir='ltr'>castella</span> <span class='ocrx_word' id='word_1_212' title='bbox 534 3651 653 3694; x_wconf 91' lang='lat' dir='ltr'>eorum</span> <span class='ocrx_word' id='word_1_213' title='bbox 670 3637 705 3692; x_wconf 90' lang='lat' dir='ltr'>et</span> <span class='ocrx_word' id='word_1_214' title='bbox 722 3629 823 3692; x_wconf 89' lang='lat' dir='ltr'>villas</span> <span class='ocrx_word' id='word_1_215' title='bbox 841 3627 976 3691; x_wconf 88' lang='lat' dir='ltr'>obsedit</span> <span class='ocrx_word' id='word_1_216' title='bbox 992 3635 1027 3689; x_wconf 91' lang='lat' dir='ltr'>et</span> <span class='ocrx_word' id='word_1_217' title='bbox 1043 3635 1161 3707; x_wconf 91' lang='lat' dir='ltr'>poten·</span> 
     </span>
    </p>
   </div>
   <div class='ocr_carea' id='block_1_4' title="bbox 208 3799 1165 4211">
    <p class='ocr_par' dir='ltr' id='par_1_4' title="bbox 208 3799 1165 4211">
     <span class='ocr_line' id='line_1_34' title="bbox 247 3799 1160 3869; baseline -0.005 -15"><span class='ocrx_word' id='word_1_218' title='bbox 247 3802 373 3867; x_wconf 74' lang='lat' dir='ltr'>&#39;Cingulo</span> <span class='ocrx_word' id='word_1_219' title='bbox 400 3806 543 3869; x_wconf 64' lang='lat' dir='ltr'>militam]</span> <span class='ocrx_word' id='word_1_220' title='bbox 578 3805 672 3857; x_wconf 80' lang='lat' dir='ltr'>chron.</span> <span class='ocrx_word' id='word_1_221' title='bbox 697 3805 763 3852; x_wconf 83' lang='lat' dir='ltr'>their</span> <span class='ocrx_word' id='word_1_222' title='bbox 784 3802 879 3861; x_wconf 80' lang='lat' dir='ltr'>bahali,</span> <span class='ocrx_word' id='word_1_223' title='bbox 904 3815 946 3850; x_wconf 83' lang='lat' dir='ltr'>see</span> <span class='ocrx_word' id='word_1_224' title='bbox 970 3801 1073 3861; x_wconf 82' lang='lat' dir='ltr'>Rymer,</span> <span class='ocrx_word' id='word_1_225' title='bbox 1094 3799 1113 3847; x_wconf 87' lang='lat' dir='ltr'>i.</span> <span class='ocrx_word' id='word_1_226' title='bbox 1132 3814 1160 3861; x_wconf 82' lang='lat' dir='ltr'>p.</span> 
     </span>
     <span class='ocr_line' id='line_1_35' title="bbox 210 3868 1165 3937; baseline -0.008 -13"><span class='ocrx_word' id='word_1_227' title='bbox 210 3874 344 3937; x_wconf 70' lang='lat' dir='ltr'>Donato.</span> <span class='ocrx_word' id='word_1_228' title='bbox 358 3879 414 3925; x_wconf 73' lang='lat'>15³.</span> <span class='ocrx_word' id='word_1_229' title='bbox 699 3877 766 3933; x_wconf 73' lang='lat'>¹⁷⁷5</span> <span class='ocrx_word' id='word_1_230' title='bbox 794 3885 910 3932; x_wconf 82' lang='lat' dir='ltr'>comparo</span> <span class='ocrx_word' id='word_1_231' title='bbox 932 3869 975 3917; x_wconf 88' lang='lat' dir='ltr'>the</span> <span class='ocrx_word' id='word_1_232' title='bbox 1005 3871 1114 3917; x_wconf 80' lang='lat' dir='ltr'>account</span> <span class='ocrx_word' id='word_1_233' title='bbox 1134 3868 1165 3916; x_wconf 78' lang='lat' dir='ltr'>oi</span> 
     </span>
     <span class='ocr_line' id='line_1_36' title="bbox 697 3936 1163 4002; baseline -0.013 -12"><span class='ocrx_word' id='word_1_234' title='bbox 697 3942 747 3991; x_wconf 86' lang='lat' dir='ltr'>this</span> <span class='ocrx_word' id='word_1_235' title='bbox 764 3940 910 4002; x_wconf 84' lang='lat' dir='ltr'>expedition</span> <span class='ocrx_word' id='word_1_236' title='bbox 927 3938 961 3999; x_wconf 84' lang='lat' dir='ltr'>by</span> <span class='ocrx_word' id='word_1_237' title='bbox 972 3936 1014 3986; x_wconf 88' lang='lat' dir='ltr'>the</span> <span class='ocrx_word' id='word_1_238' title='bbox 1031 3936 1118 3985; x_wconf 79' lang='lat' dir='ltr'>writer</span> <span class='ocrx_word' id='word_1_239' title='bbox 1133 3936 1163 3985; x_wconf 80' lang='lat' dir='ltr'>oi</span> 
     </span>
     <span class='ocr_line' id='line_1_37' title="bbox 246 4001 1160 4068; baseline -0.002 -11"><span class='ocrx_word' id='word_1_240' title='bbox 246 4006 485 4059; x_wconf 79' lang='lat' dir='ltr'>&#39;Willelmoromite</span> <span class='ocrx_word' id='word_1_241' title='bbox 497 4008 673 4060; x_wconf 74' lang='lat' dir='ltr'>Saresbiriensi</span> <span class='ocrx_word' id='word_1_242' title='bbox 697 4011 739 4059; x_wconf 88' lang='lat' dir='ltr'>the</span> <span class='ocrx_word' id='word_1_243' title='bbox 758 4010 856 4060; x_wconf 78' lang='lat' dir='ltr'>‘Gesta</span> <span class='ocrx_word' id='word_1_244' title='bbox 873 4001 1014 4068; x_wconf 85' lang='lat' dir='ltr'>Ludorlci,&#39;</span> <span class='ocrx_word' id='word_1_245' title='bbox 1033 4007 1095 4057; x_wconf 80' lang='lat' dir='ltr'>Rea.</span> <span class='ocrx_word' id='word_1_246' title='bbox 1114 4006 1160 4055; x_wconf 83' lang='lat' dir='ltr'>des</span> 
     </span>
     <span class='ocr_line' id='line_1_38' title="bbox 208 4078 948 4142; baseline -0.004 -13"><span class='ocrx_word' id='word_1_247' title='bbox 208 4083 233 4129; x_wconf 82' lang='lat' dir='ltr'>et</span> <span class='ocrx_word' id='word_1_248' title='bbox 245 4078 363 4142; x_wconf 75' lang='lat' dir='ltr'>Philippo</span> <span class='ocrx_word' id='word_1_249' title='bbox 374 4081 403 4128; x_wconf 86' lang='lat' dir='ltr'>de</span> <span class='ocrx_word' id='word_1_250' title='bbox 414 4079 551 4142; x_wconf 65' lang='lat' dir='ltr'>Athenio]</span> <span class='ocrx_word' id='word_1_251' title='bbox 569 4080 619 4127; x_wconf 81' lang='lat' dir='ltr'>For</span> <span class='ocrx_word' id='word_1_252' title='bbox 629 4079 672 4128; x_wconf 87' lang='lat' dir='ltr'>the</span> <span class='ocrx_word' id='word_1_253' title='bbox 698 4081 769 4129; x_wconf 86' lang='lat' dir='ltr'>Hist.</span> <span class='ocrx_word' id='word_1_254' title='bbox 779 4078 843 4128; x_wconf 82' lang='lat' dir='ltr'>xvii.</span> <span class='ocrx_word' id='word_1_255' title='bbox 854 4093 882 4140; x_wconf 89' lang='lat' dir='ltr'>p.</span> <span class='ocrx_word' id='word_1_256' title='bbox 892 4080 948 4126; x_wconf 75' lang='grc'><strong>307.</strong></span> 
     </span>
     <span class='ocr_line' id='line_1_39' title="bbox 209 4144 1053 4211; baseline -0.001 -15"><span class='ocrx_word' id='word_1_257' title='bbox 209 4144 293 4210; x_wconf 76' lang='lat' dir='ltr'>hing&#39;s</span> <span class='ocrx_word' id='word_1_258' title='bbox 305 4149 391 4198; x_wconf 80' lang='lat' dir='ltr'>letters</span> <span class='ocrx_word' id='word_1_259' title='bbox 402 4149 632 4209; x_wconf 81' lang='lat' dir='ltr'>recommendatory</span> <span class='ocrx_word' id='word_1_260' title='bbox 640 4164 672 4197; x_wconf 91' lang='lat' dir='ltr'>on</span> <span class='ocrx_word' id='word_1_261' title='bbox 732 4146 841 4211; x_wconf 54' lang='lat' dir='ltr'>megs]</span> <span class='ocrx_word' id='word_1_262' title='bbox 857 4147 971 4207; x_wconf 80' lang='lat' dir='ltr'>wanting</span> <span class='ocrx_word' id='word_1_263' title='bbox 983 4145 1009 4194; x_wconf 86' lang='lat' dir='ltr'>ia</span> <span class='ocrx_word' id='word_1_264' title='bbox 1022 4147 1053 4195; x_wconf 78' lang='grc' dir='ltr'>Ο.</span> 
     </span>
    </p>
   </div>
   <div class='ocr_carea' id='block_1_5' title="bbox 0 0 1494 4996">
    <p class='ocr_par' dir='ltr' id='par_1_5' title="bbox 0 0 1494 4996">
     <span class='ocr_line' id='line_1_40' title="bbox 0 0 1494 4996; baseline 0 6"><span class='ocrx_word' id='word_1_265' title='bbox 0 0 1494 4996; x_wconf 95' lang='lat' dir='ltr'> </span> 
     </span>
    </p>
   </div>
  </div>
 </body>
</html>
