2978 4996
368 446 435 508 W)
620 452 754 501 nucum
780 451 827 497 ΠΒ
851 450 1056 498 WBNDOVBB

208 630 263 668 nu.
277 630 331 667 ιω.
372 618 469 673 verat
492 611 777 691 persecutionem,
799 609 849 672 ita
869 608 961 690 quod
979 605 1124 670 castella
1145 605 1222 689 ejus
1241 625 1317 669 cum

372 710 473 772 terris
489 717 525 772 ct
540 709 815 791 possessionibus
829 707 1026 789 occupavit,
1048 713 1084 770 et
1099 704 1196 769 velut
1209 704 1319 768 hostis

370 807 530 890 publicus
545 808 676 871 detinet
691 812 891 889 occupatas.

449 979 501 1046 Do
514 980 642 1046 decimis
658 979 806 1067 Grcyon'o
815 1001 912 1064 pope
926 977 967 1044 ab
981 977 1103 1065 duplic
1116 978 1250 1043 collutis.

209 1108 343 1201 my&
414 1105 494 1197 'Per
515 1107 605 1170 idem
632 1114 781 1187 tempus,
811 1124 890 1168 cum
919 1104 1083 1186 magister
1111 1099 1320 1185 Stephanus,

210 1208 329 1251 mimo
373 1205 501 1269 domini
523 1225 624 1288 papae
646 1205 846 1286 capellanus
867 1211 903 1266 et
920 1203 1072 1278 nuntius,
1093 1201 1169 1282 regi
1187 1198 1320 1280 Ass810·

211 1257 331 1353 iim&
374 1323 448 1364 rum
465 1306 605 1385 negotia
619 1305 728 1383 ipsius
743 1322 844 1385 papae
861 1311 897 1365 et
910 1303 966 1365 sui
987 1319 1127 1364 causam
1151 1298 1318 1363 adventus

211 1355 325 1454 wo„
376 1402 597 1476 ostendisset,
626 1402 708 1464 fecit
729 1420 793 1465 rex
817 1401 1001 1465 convenire
1028 1397 1122 1480 apud
1143 1397 1319 1461 Westmo·

375 1501 561 1563 nasterium
574 1499 770 1575 Dominica,
788 1519 858 1582 qua
873 1505 1033 1563 cantatur
1047 1491 1320 1560 ¹‘Misericordia

375 1598 538 1673 Domini,’
552 1596 841 1680 archiepiscopos,
865 1599 1056 1680 episcopos,
1077 1596 1231 1668 abbates,
1255 1594 1320 1676 pri·

373 1715 464 1771 ores,
473 1695 703 1777 Templarios,
714 1694 985 1778 Hospitalarios,
994 1695 1149 1769 comites,
1162 1694 1320 1767 barones,

373 1794 595 1857 ecclesiarum
624 1802 788 1870 rectores,
819 1803 855 1858 et
884 1794 1073 1876 quidese
1098 1792 1263 1856 tenebant
1284 1792 1321 1853 in

374 1894 500 1975 capite,
523 1893 568 1956 ad
588 1893 703 1958 locum
726 1894 907 1975 praefixum
924 1899 960 1956 et
973 1892 1076 1968 diem,
1099 1898 1139 1954 ut
1162 1891 1320 1953 audirent

375 1993 516 2073 negotia
544 2000 734 2056 memorata
755 2000 790 2055 et
812 1992 856 2054 de
882 2011 995 2055 rerum
1021 1990 1205 2070 exigentiis
1230 2008 1323 2051 com·

374 2093 525 2154 muniter
539 2098 728 2154 tractarent
744 2088 881 2153 ibidem.
934 2089 1102 2153 Omnibus
1117 2088 1223 2169 igitur
1239 2106 1321 2152 con·

375 2190 542 2270 gregatis,
557 2197 629 2251 tam
642 2189 741 2251 laicis
755 2208 859 2270 quam
876 2188 1041 2270 praelatis,
1057 2195 1093 2250 et
1109 2205 1227 2249 eorum
1242 2187 1322 2249 sub·

372 2287 489 2369 jectis,
520 2287 687 2366 magister
714 2286 911 2368 Stephanus
943 2305 1059 2350 coram
1084 2285 1243 2350 omnibus
1271 2304 1323 2347 re·

377 2385 499 2446 citavit
524 2382 644 2446 literas
668 2383 797 2448 domini
822 2404 934 2466 papae,
956 2386 992 2447 in
1014 2384 1140 2466 quibus
1161 2384 1324 2466 exigebat

377 2481 528 2544 decimas
543 2483 695 2545 omnium
713 2502 826 2546 rerum
841 2482 1019 2547 mobilium
1033 2482 1076 2546 de
1090 2489 1164 2546 tota
1181 2480 1322 2561 Augila,

379 2579 550 2642 Hibernia
569 2588 603 2643 et
618 2580 760 2658 Wallia,
781 2583 825 2645 ab
850 2583 1021 2646 universis
1045 2582 1142 2644 laicis
1164 2589 1200 2644 et
1224 2579 1322 2643 cleri·

377 2678 440 2754 cis,
456 2680 498 2742 ad
517 2698 677 2759 guerram
695 2699 792 2743 suam
811 2681 1060 2756 sustinendam,
1077 2699 1181 2762 quam
1203 2688 1324 2743 contra

379 2777 576 2841 Romanum
598 2779 841 2860 imperatorem
867 2787 1068 2860 susceperat
1093 2777 1322 2841 Fredericum.

380 2876 541 2940 Ostendit
569 2884 685 2940 autem
705 2877 742 2940 in
769 2876 879 2941 literis
901 2877 1109 2954 memoratis,
1136 2877 1228 2959 quod
1252 2877 1325 2959 ipse

378 2975 474 3038 aolus
496 2974 586 3038 hanc
610 2975 865 3057 expeditionem
890 2984 1089 3059 susceperat
1108 2994 1170 3057 pro
1191 2977 1325 3039 univcr-

379 3073 445 3135 sali
479 3073 636 3148 ccclesia,
668 3093 772 3155 quam
808 3075 923 3138 dictus
952 3076 1138 3155 imperator
1163 3073 1240 3155 jam
1268 3073 1326 3137 diu

379 3172 697 3234 excommunicatus
726 3181 761 3236 et
789 3173 926 3237 rebellis
955 3174 1156 3237 subvertere
1191 3173 1325 3248 nititur,

379 3269 470 3330 sicut
485 3268 699 3332 evidentibus
726 3279 873 3352 apparet
895 3271 1048 3348 indiciis;
1075 3271 1176 3345 unde,
1196 3269 1326 3334 divitiae

379 3366 470 3428 sedis
501 3368 702 3448 apostolicae
732 3388 809 3432 cum
845 3389 914 3434 non
941 3368 1113 3433 sufficiant
1139 3368 1184 3432 ad
1213 3370 1325 3452 ipsum

380 3465 692 3544 exterminandum,
719 3469 926 3532 necessitate
952 3466 1149 3549 compulsus
1177 3468 1222 3530 ab
1250 3468 1326 3557 uni·
1415 3460 1419 3467 ’

380 3564 490 3626 versis
508 3564 661 3628 ecclesiae
676 3565 755 3629 filiis
771 3567 933 3648 implorat
949 3565 1130 3641 auxilium,
1154 3586 1216 3648 per
1235 3566 1326 3647 quod

378 3663 634 3744 expeditionem
661 3664 858 3728 inchoatam
881 3665 975 3728 etin
1003 3672 1100 3746 parte
1124 3665 1199 3747 jam
1224 3664 1327 3729 felici-

379 3766 433 3822 ter
449 3769 688 3844 prosperatam
706 3763 891 3845 perducere
904 3763 1021 3827 valeat
1036 3763 1081 3827 ad
1098 3762 1328 3828 desideratum

380 3858 549 3922 effectum.
596 3859 790 3927 Persuadet
811 3862 958 3943 denique
979 3862 1138 3926 dominus
1167 3882 1272 3947 papa,
1292 3864 1327 3926 in

379 3957 599 4021 conclusione
627 3961 769 4041 negotii,
795 3960 942 4042 singulis
974 3962 1129 4026 ecclesiae
1156 3964 1328 4038 membris,

415 4126 420 4155 ¹
430 4131 602 4179 Illiscricordiu
614 4134 736 4199 Domini]
759 4137 813 4185 The
825 4139 918 4187 second
933 4139 1039 4200 Sunday
1051 4138 1116 4187 aster
1127 4138 1229 4201 Euolet,
1244 4139 1271 4187 in
1281 4137 1331 4186 this

379 4212 440 4257 year
450 4198 493 4247 the
505 4199 564 4249 auth
576 4201 605 4249 oi
613 4202 696 4263 April.
