2978 4996
367 426 432 490 102
624 438 758 486 nouum
783 438 830 485 nn
853 434 1060 484 wnnuovnn

207 612 330 652 enum.
369 601 423 658 ter
449 593 565 656 omnia
599 592 823 675 subjugavit3
858 611 939 655 nam
971 590 1136 654 Riolense
1165 597 1318 653 castrum

370 711 448 756 cum
474 691 686 773 villalonga
712 690 889 755 obsidione
915 690 1019 772 cepit,
1041 683 1178 752 ¹villam
1206 689 1320 752 sancti

372 791 536 853 Marcarii
559 808 636 852 cum
659 790 845 871 municipio
868 789 1029 864 obtinuit,
1048 788 1224 868 Bregerac
1247 806 1321 851 cas·

372 896 463 952 trum
484 888 619 952 obsedit
640 895 676 951 et
695 888 870 952 dominum
893 886 968 970 ejus
994 887 1038 949 ad
1060 885 1153 967 regis
1175 885 1322 949 fidelita-

372 995 441 1049 tem
474 987 663 1051 revocavit.
727 985 807 1062 Sed,
835 985 916 1047 dum
946 984 982 1047 in
1010 985 1117 1066 longa
1143 983 1321 1047 obsidione

373 1084 465 1166 apud
499 1083 665 1148 Riolense
702 1091 855 1148 castrum
889 1082 1073 1146 acerrimos
1103 1082 1253 1146 insultus
1285 1089 1321 1145 et

374 1184 512 1246 crebros
532 1190 663 1264 ageret,
683 1181 900 1258 Lodowicus,
916 1200 979 1243 rex
999 1181 1223 1256 Francorum,
1241 1179 1322 1243 Hu-

374 1281 456 1361 goni
479 1282 596 1344 comiti
621 1279 786 1343 Marcbiae
819 1279 964 1360 aliisque
988 1278 1157 1342 Pictaviae
1181 1279 1321 1341 baroni-

374 1379 439 1439 bus
468 1378 562 1441 dedit
589 1378 625 1440 in
659 1377 845 1454 mandatis,
876 1383 1047 1458 quatenus
1082 1375 1127 1439 ad
1169 1383 1320 1439 castrum

375 1474 557 1556 praefatum
579 1475 750 1539 hostiliter
772 1474 974 1539 accedentes
996 1474 1155 1539 comitem
1176 1473 1324 1538 Richar-

375 1572 456 1634 dum
491 1581 630 1655 captum
664 1573 730 1636 sibi
764 1580 1015 1655 praesentarent
1046 1579 1082 1636 ot
1111 1573 1271 1636 obsessos
1301 1589 1324 1634 a

374 1671 527 1753 periculo
544 1671 742 1735 liberarent.
788 1670 912 1735 Comes
928 1691 1008 1735 vero
1028 1669 1207 1746 Marcbiae,
1222 1670 1322 1752 junc-

376 1770 421 1831 tis
443 1767 508 1831 sibi
532 1769 738 1851 quibusdam
763 1769 949 1833 baronibus
972 1776 1007 1832 et
1025 1768 1190 1832 militibus
1212 1787 1323 1832 arma·

376 1867 434 1942 tis,
465 1886 542 1930 cum
572 1875 742 1950 apparatu
776 1886 845 1931 non
878 1866 1013 1931 modico
1046 1866 1090 1929 ad
1123 1865 1324 1948 praedictam

376 1964 588 2030 obsidionem
615 1965 871 2030 dissolvendam
892 1965 1072 2046 processit,
1091 1965 1150 2027 sed
1176 1964 1323 2028 Richar-

376 2063 440 2126 dus
460 2083 574 2128 comes
596 2083 673 2127 cum
701 2064 804 2127 sociis
825 2064 909 2139 suis,
932 2062 974 2126 de
999 2062 1149 2127 adventu
1172 2062 1322 2127 hostium

377 2180 438 2243 per
454 2163 691 2242 exploratores
714 2162 951 2243 praemunitus,
968 2162 1105 2243 paravit
1121 2161 1153 2223 ei
1169 2160 1324 2237 insidias,

377 2268 421 2331 et,
444 2268 542 2341 parte
570 2260 743 2322 exercitus
772 2260 827 2322 sui
855 2259 899 2322 ad
928 2259 1140 2323 obsidionem
1170 2258 1323 2335 dimissa,

377 2357 452 2436 ipse
473 2375 550 2418 cum
576 2363 676 2438 parte
700 2364 911 2420 armatorum
935 2357 1176 2439 probatissima
1197 2357 1241 2420 ad
1264 2376 1324 2420 ne·

378 2472 454 2515 mus
476 2454 661 2534 quoddam,
686 2454 779 2536 quod
805 2474 913 2537 propo
935 2462 1022 2532 erat,
1048 2456 1222 2518 divertens
1244 2455 1324 2519 bos·

378 2558 431 2613 tes
456 2551 632 2616 venientes
660 2555 877 2635 exspectavit
900 2553 1048 2632 ibidem;
1080 2553 1245 2635 quidum
1271 2554 1323 2617 lo·

378 2668 455 2711 cum
482 2651 683 2714 insidiarum
721 2670 842 2715 versus
875 2651 1086 2716 obsidionem
1119 2652 1324 2733 pertransis-

378 2756 468 2825 sent,
484 2768 598 2813 comes
614 2749 811 2814 Richardus
829 2755 864 2813 et
881 2750 965 2813 socii
981 2748 1058 2833 ejus
1076 2769 1153 2813 cum
1177 2752 1324 2832 strepitu
1358 2794 1363 2801 -

378 2845 599 2911 buccinarum
624 2857 660 2913 et
681 2848 872 2912 vibramine
897 2848 1073 2911 hastarum
1092 2848 1267 2911 irruerunt
1287 2849 1323 2912 in

377 2944 484 3025 ipsos,
515 2955 562 3022 et,
587 2947 759 3010 dirissimo
787 2946 949 3010 conflictu
978 2947 1069 3009 inter
1097 2954 1213 3027 partes
1242 2965 1325 3010 con-

377 3041 479 3118 fecto,
502 3045 537 3105 in
563 3043 679 3123 fugam
710 3045 927 3108 adversarios
957 3044 1209 3126 compulerunt,
1238 3064 1326 3127 quos

377 3157 493 3201 comes
522 3140 717 3205 Richardus
740 3142 901 3206 ardenter
925 3143 1101 3207 insecutus
1123 3142 1222 3224 bigas
1246 3143 1325 3207 bos·

377 3235 463 3297 tium
492 3244 527 3300 et
546 3239 749 3303 summarios
771 3260 848 3304 cum
876 3241 997 3323 spoliis
1023 3248 1057 3304 et
1079 3242 1173 3305 vasis
1200 3261 1325 3322 argen-

378 3334 443 3395 teis
478 3335 626 3415 subegit,
657 3338 775 3401 multis
803 3359 848 3402 ex
878 3339 1090 3421 fugientibus
1123 3340 1325 3417 interfectis,

377 3438 412 3493 et
429 3432 528 3495 sicin
546 3433 641 3498 brevi
659 3443 768 3500 totam
786 3438 852 3501 sibi
869 3439 1094 3502 Wasconiam
1110 3439 1323 3521 subjugavit.

376 3529 508 3595 Eodem
528 3551 619 3597 anno
639 3533 662 3597 J
665 3535 830 3612 ohannes,
855 3536 1001 3600 Eliensis
1021 3537 1216 3618 episcopus,
1234 3536 1322 3600 diem

375 3628 500 3695 clausit
524 3640 742 3712 extremum3
779 3635 835 3698 cui
865 3635 1033 3698 successit
1060 3634 1252 3699 Gaufridns
1281 3636 1324 3699 do

377 3727 507 3810 Burgo,
524 3731 787 3795 archidiaconus
805 3732 840 3795 N
842 3734 1051 3797 orwicensis.

413 3901 526 3954 ¹Vr'llcm
544 3906 622 3955 sancti
641 3907 786 3970 Mercurii]
809 3908 837 3957 S.
863 3907 893 3956 of
906 3907 946 3956 his
962 3922 1103 3967 successes,
1113 3908 1188 3956 dated
1200 3907 1263 3957 from
1275 3909 1325 3958 thir

375 3972 497 4025 blaceire.
526 3977 550 4022 A
564 3976 637 4024 letter
648 3976 712 4025 from
724 3977 836 4026 Richard
863 3982 931 4025 town
951 3992 982 4026 on
994 3977 1037 4026 the
1055 3978 1106 4025 find
1123 3977 1153 4026 of
1168 3979 1243 4040 May,
1257 3979 1281 4027 is
1297 3978 1323 4027 in

372 4045 397 4088 to
409 4041 449 4090 his
459 4044 569 4105 brother,
581 4046 668 4107 giving
684 4061 716 4094 an
730 4053 837 4096 account
864 4047 965 4107 Rymu,
974 4047 992 4097 i.
1003 4061 1030 4107 p.
1044 4050 1099 4096 178.
