2872 4994
411 447 476 511 292
671 459 804 510 nouum
831 459 878 506 on
900 457 1109 508 wunnovnn

436 690 484 753 De
492 689 669 774 proditione
683 709 776 773 quom
789 696 896 752 eontra
912 688 1137 752 Marescollum
1151 688 1328 754 consiliarii

774 786 854 871 rapio
867 795 1002 871 eperum.

254 930 377 972 unum.
468 910 570 974 Circa
591 910 664 972 dies
689 910 775 973 istos
799 908 938 984 PetruS,
953 908 1206 973 Wintoniensis
1231 910 1363 992 episco-

256 980 395 1119 {diffidit
418 1030 494 1092 puS,
519 1019 554 1072 et
572 1008 663 1071 filius
685 1007 760 1090 ejus
779 1006 907 1070 Petrus
927 1007 969 1070 de
993 1007 1155 1085 Rivallis,
1179 1008 1296 1072 etalii
1316 1012 1365 1072 in-

258 1079 389 1168 lilibet
419 1110 491 1190 iqui
514 1107 699 1170 consiliarii
722 1106 826 1186 regis,
843 1124 921 1169 cum
944 1126 982 1169 se
1000 1107 1110 1170 victos
1137 1107 1268 1190 ubique
1293 1127 1365 1173 cer·

255 1178 356 1275 mn,
421 1216 541 1270 nerent
560 1225 582 1268 a
604 1205 727 1268 comite
749 1204 970 1280 Marescallo,
993 1212 1028 1268 et
1051 1205 1152 1268 villas
1178 1225 1262 1270 suas
1288 1208 1367 1289 igne

421 1313 590 1368 crematas
624 1303 920 1366 irremediabiliter
961 1303 1128 1380 dolerent,
1165 1306 1368 1386 cogitabant

422 1404 613 1486 proditione
652 1403 788 1478 saltem,
817 1420 918 1483 quem
955 1401 1060 1464 armis
1092 1422 1160 1465 non
1194 1410 1369 1485 poterant,

422 1521 607 1582 superore3
631 1501 811 1581 siquidem,
830 1501 890 1582 qui
912 1508 1038 1581 praeter
1059 1501 1128 1564 alia
1150 1502 1368 1567 incommoda

423 1619 444 1661 a
462 1619 525 1662 suo
548 1598 716 1662 desiderio
739 1598 933 1662 defraudati
955 1600 1090 1662 turbam
1108 1599 1368 1664 Pictavensium

423 1699 636 1760 innumeram
656 1698 723 1778 [in]
740 1698 864 1761 finibus
877 1697 1017 1761 Walliae
1036 1697 1191 1761 viderent
1207 1699 1368 1764 interfec-

424 1804 507 1872 tam,
534 1796 651 1860 literas
679 1805 945 1877 composuerunt
962 1796 1164 1877 proditionis
1189 1797 1368 1877 inauditae,

423 1904 470 1972 et,
493 1915 569 1958 cum
598 1895 781 1958 earundem
811 1902 963 1958 tenorem
985 1894 1162 1959 literarum
1187 1915 1248 1959 rex
1272 1898 1369 1979 peni·

425 2002 482 2058 tus
507 1994 695 2076 ignoraret,
722 1993 960 2076 compulerunt
985 2014 1063 2057 eum
1088 1995 1238 2076 sigillum
1265 2015 1367 2058 snum

424 2113 610 2175 apponere,
650 2113 726 2156 cum
762 2112 832 2174 quo
866 2093 970 2156 etiam
1004 2100 1039 2157 et
1065 2094 1132 2174 ipsi
1164 2112 1228 2156 sua
1259 2113 1368 2177 appo·

425 2201 546 2255 nentes
570 2192 685 2272 sigilla
707 2210 848 2254 nomem
877 2191 1046 2266 undecim,
1070 2200 1251 2256 cruentum
1282 2193 1366 2257 illud

423 2292 588 2372 scriptum
616 2292 650 2351 in
680 2289 883 2353 Hiberniam
913 2290 1186 2354 transmiserunt.
1237 2284 1369 2356 ¹Missa

424 2396 477 2450 est
503 2396 618 2450 autem
652 2387 755 2470 hujus
782 2388 985 2470 proditionis
1014 2388 1135 2452 charta
1157 2390 1200 2452 ad
1224 2409 1371 2471 magna-

425 2493 477 2548 tes
504 2486 694 2562 Hiberniae,
727 2487 933 2550 Mauricium
964 2487 1095 2551 scilicet
1120 2488 1368 2554 filium-Gerol-

424 2584 470 2660 di,
494 2586 553 2666 qni
570 2586 662 2647 vices
678 2584 863 2667 justiciarii
886 2586 1009 2649 ibidem
1027 2588 1093 2649 sub
1109 2606 1190 2668 rege
1212 2590 1368 2668 gerebat,

424 2684 467 2746 ad
491 2685 684 2749 Walterum
708 2691 743 2747 et
767 2683 953 2765 Hugonem
981 2684 1024 2748 de
1050 2685 1205 2762 Lasceio,
1232 2686 1276 2749 ad
1304 2687 1369 2752 Ri-

424 2784 586 2847 chardum
619 2784 661 2846 de
693 2783 824 2863 Burgo,
852 2790 887 2846 et
910 2782 1105 2846 Galsridum
1132 2785 1174 2847 de
1202 2784 1370 2866 Marisco,

425 2885 524 2947 etad
553 2882 639 2946 alios
673 2881 826 2944 homines
858 2881 1011 2964 ejusdem
1042 2882 1239 2947 Marescalli
1267 2885 1369 2968 jura·

425 2990 491 3058 toS,
520 2982 580 3045 sed
610 2979 787 3058 infideles;
819 2999 896 3061 quae
927 2981 1014 3043 hanc
1046 2982 1276 3063 iniquitatem,
1304 3004 1369 3065 pro

425 3091 523 3161 parte
544 3099 621 3163 quae
647 3079 815 3160 sequitur,
832 3080 1039 3142 continebat.
1093 3081 1134 3144 In
1155 3080 1275 3163 primis
1297 3082 1369 3164 sig·

426 3180 651 3242 nificaverunt
669 3178 887 3258 magnatibus
905 3178 1078 3260 praedictis
1095 3178 1280 3243 consiliarii
1297 3200 1370 3245 me·

425 3279 559 3352 morati,
583 3277 674 3357 quod
703 3275 909 3352 Richardus,
927 3276 1098 3358 quondam
1120 3278 1211 3358 regis
1229 3278 1370 3359 Angliae

426 3373 666 3450 MarescalluS,
678 3381 820 3456 propter
834 3374 1059 3456 proditionem
1076 3374 1293 3439 manifestam
1308 3397 1371 3459 per

420 3472 588 3555 judicium
617 3475 721 3536 curiae
752 3474 904 3556 ejusdem
935 3474 1025 3553 regis
1054 3475 1267 3554 proscriptus
1293 3484 1370 3541 erat

425 3573 467 3635 de
493 3593 599 3654 regno
624 3571 774 3653 Angliae,
801 3581 836 3634 et
859 3573 959 3634 terris
991 3570 1095 3648 illius,
1121 3572 1212 3635 villis
1235 3574 1312 3655 ejus
1333 3582 1371 3638 et

426 3673 578 3735 aedificiis
603 3671 682 3752 igne
707 3671 879 3746 crematis,
904 3671 1016 3751 parcis
1044 3678 1079 3734 et
1102 3672 1263 3752 pomeriis
1291 3691 1372 3737 suc-

424 3772 517 3848 cisiS,
544 3771 678 3849 stagnis
703 3789 780 3831 cum
804 3769 960 3850 piscariis
986 3768 1183 3845 destructis,
1206 3779 1252 3846 et,
1276 3773 1371 3852 quod

425 3871 478 3932 bis
504 3870 661 3932 omnibus
691 3867 800 3949 majus
828 3876 894 3940 est,
923 3868 966 3930 ab
996 3868 1198 3931 haereditate
1225 3876 1373 3951 paterna

424 3970 459 4030 in
475 3977 678 4049 perpetuum
695 3966 912 4047 abjudicatus
926 3988 934 4044 3
959 3974 1005 4043 et,
1019 3986 1095 4030 cum
1111 3968 1246 4030 abonis
1260 3971 1372 4033 omni·

571 4165 665 4213 ¹Mirro
677 4169 712 4212 ert
725 4200 731 4213 .
746 4199 751 4211 .
766 4160 892 4232 ‚chorta.]
908 4166 1000 4214 Chron.
1015 4166 1107 4214 Dnnst.
1120 4181 1145 4227 p.
1158 4170 1216 4216 219.
