2978 4996
365 438 432 503 326
615 451 747 499 noonnr
778 452 824 497 nn
850 450 1057 499 wnunovnn

207 636 331 678 unua
370 613 484 675 batem
507 608 668 690 eligendi,
681 610 716 671 in
737 609 888 672 crastino
909 607 1187 672 annunciationis
1209 607 1322 670 beatae

372 708 496 774 Mariae
524 709 702 790 elegerunt
725 707 913 772 solenniter
936 707 1145 784 Johannem,
1172 706 1322 788 priorem

372 810 415 873 de
432 808 614 884 Hertsord,
631 807 836 870 monachum
852 826 952 870 suum
969 807 1173 888 professum,
1188 807 1226 870 iu
1243 823 1325 887 pas·

374 918 483 973 torem
514 907 706 970 animarum
732 925 885 982 suarum,
914 907 973 988 qui
999 907 1073 987 regi
1092 912 1324 987 praesentatus

375 1010 419 1071 ab
443 1027 484 1070 eo
506 1005 742 1070 favorabiliter
764 1014 922 1088 receptus
943 1014 998 1069 est
1014 1005 1199 1068 Dominica
1214 1005 1250 1067 iu
1268 1022 1325 1066 ra·

375 1109 440 1170 mis
466 1107 681 1188 palmarum
711 1113 746 1168 et
763 1112 846 1168 tunc
870 1105 965 1168 missi
991 1115 1073 1168 sunt
1087 1103 1246 1167 monachi
1268 1122 1326 1166 ec·

376 1206 490 1270 clesiae
514 1204 668 1287 ejusdem
691 1211 726 1266 et
747 1203 862 1267 clerici
887 1203 931 1267 ad
955 1205 1086 1267 curiam
1115 1203 1326 1279 Romanam,

378 1305 421 1368 ad
449 1323 551 1386 quam
575 1303 772 1367 immediate
800 1311 948 1386 spectat,
974 1309 1013 1365 ut
1036 1303 1239 1367 electionem
1261 1303 1329 1366 rite

378 1404 505 1466 factam
521 1404 747 1484 impetrarent
766 1421 788 1465 a
804 1401 886 1466 sede
907 1402 1098 1484 apostolica
1118 1401 1329 1479 confirmari,

380 1503 438 1565 ubi
471 1503 545 1564 sine
573 1500 775 1564 difficultate
806 1495 990 1565 ¹electione
1021 1502 1225 1564 confirmata
1249 1520 1329 1564 cum

379 1599 617 1664 benedictione
633 1600 826 1681 apostolica
847 1601 975 1664 reversi
998 1600 1129 1664 suntin
1151 1600 1330 1682 regionem

380 1693 505 1762 suam.²
543 1698 631 1762 Post
646 1698 720 1761 baec
736 1707 852 1764 autem
869 1699 959 1762 idem
977 1699 1107 1763 electus
1120 1699 1156 1762 iu
1175 1700 1331 1763 crastino

382 1799 575 1862 nativitatis
596 1800 708 1862 beatae
724 1799 859 1875 Mariae,
879 1800 915 1862 in
931 1799 1114 1862 Dominica
1131 1798 1199 1872 die,
1219 1818 1241 1861 a
1255 1798 1331 1862 Ro·

382 1898 717 1979 gero,Loudoniensi
728 1898 903 1980 episcopo,
914 1898 1183 1962 benedictionem
1195 1899 1332 1962 abbatis

382 1999 536 2078 suscepit
550 2016 559 2072 ;
592 1996 704 2062 medio
723 2005 840 2061 autem
857 2005 1023 2078 tempore,
1040 2017 1109 2079 quo
1126 1997 1200 2060 baec
1215 1998 1332 2061 omnia

384 2097 478 2160 tacta
504 2105 597 2168 sunt,
620 2097 785 2160 remansit
805 2096 945 2160 abbatia
967 2116 1046 2160 cum
1073 2096 1232 2160 omnibus
1254 2117 1333 2178 per·

385 2197 538 2258 tinentiis
561 2195 625 2256 snb
646 2195 805 2260 custodia
821 2203 1011 2260 conventus
1029 2215 1073 2258 ex
1090 2195 1256 2259 beneiicio
1278 2216 1333 2260 re·

386 2296 452 2374 gis,
468 2293 704 2374 hospitalitate
721 2295 859 2376 integra
873 2303 1083 2358 remanente.
1122 2295 1253 2359 Eodem
1270 2315 1334 2359 an·

386 2412 431 2455 no
450 2390 472 2453 J
477 2391 567 2454 udaei
591 2392 808 2474 privilegium
832 2394 1103 2476 impetraverunt
1126 2413 1148 2457 a
1171 2396 1336 2476 pontifice

389 2490 561 2567 Romano,
578 2510 619 2553 ne
645 2510 666 2554 a
688 2493 826 2573 regibus
840 2501 902 2556 aut
919 2494 1130 2575 principibus
1150 2514 1213 2576 pro
1230 2515 1336 2560 exac-

389 2591 482 2652 tione
509 2590 662 2672 pecuniae
687 2592 834 2673 turpiter
861 2600 1093 2657 tractarentur
1112 2593 1167 2655 vel
1196 2593 1234 2656 in
1260 2613 1337 2659 car-

389 2709 465 2752 cere
483 2698 703 2770 ponerentur.

427 2887 567 2938 ¹Electioae
585 2888 758 2954 confir-ructa]
787 2889 852 2940 Gre-
877 2892 979 2940 bentde
991 2897 1113 2940 conventu
1124 2905 1202 2952 penes
1215 2892 1341 2954 sesigillo

392 2959 477 3020 gory's
494 2959 567 3007 letter
589 2964 614 3006 to
637 2960 679 3008 the
703 2958 806 3020 bisbops
827 2959 856 3008 of
878 2967 1015 3010 conventus
1025 2962 1163 3021 roboratas,
1173 2966 1203 3009 ut
1214 2963 1270 3023 ipse
1281 2977 1340 3011 curn·

394 3029 442 3089 lily
461 3029 512 3075 and
532 3027 635 3076 London
658 3029 681 3076 is
704 3029 804 3090 printed
827 3029 853 3076 in
878 3036 968 3079 ventus
985 3031 1067 3091 illum,
1080 3045 1156 3092 quem
1175 3032 1226 3091 ipsi
1243 3031 1342 3081 duode-

393 3099 434 3146 tbe
443 3098 574 3147 collection
583 3097 612 3145 oi
621 3096 753 3161 Couneils‚
762 3113 777 3146 e
787 3098 853 3160 Typ.
865 3134 868 3143 .
878 3101 927 3149 cim
939 3101 1033 3161 eligent
1044 3102 1070 3148 in
1081 3102 1207 3161 abbatem,
1216 3102 1272 3150 sine
1282 3116 1341 3151 con·

394 3168 458 3228 Reg.
469 3168 558 3216 xxviii.
569 3182 595 3228 p.
605 3171 662 3216 288.
879 3171 1027 3219 tradictione
1042 3171 1194 3220 unanimiter
1202 3171 1344 3234 suscipient

430 3234 542 3295 'Suum.]
573 3236 627 3283 The
649 3236 722 3284 mode
744 3236 773 3285 of
789 3235 855 3285 elee-
879 3244 905 3287 et
927 3245 1062 3303 gratanter.
1105 3240 1180 3288 Unde
1202 3242 1282 3290 series
1301 3257 1344 3292 ne·

394 3307 447 3352 tion
464 3306 487 3351 is
503 3305 562 3353 thus
572 3304 705 3354 described
717 3306 752 3367 by
763 3306 855 3355 Paris:
880 3310 942 3369 gotii
954 3311 991 3358 sic
1002 3314 1135 3371 prosecuta
1146 3324 1163 3358 a
1174 3324 1273 3359 summo
1283 3326 1346 3373 pon·

394 3376 401 3402 ⁴
411 3373 572 3423 (bulessores
584 3374 681 3424 scilicet
688 3381 740 3424 tres
748 3375 857 3438 reiqua-
880 3380 946 3427 tilica
956 3384 983 3428 et
989 3381 1106 3430 omnibus
1112 3379 1276 3430 audientibus
1286 3395 1345 3431 eum

394 3448 451 3491 tuor
457 3443 579 3505 jubentur
594 3444 707 3494 districte
720 3447 748 3495 in
764 3447 856 3495 virtute
882 3449 1045 3498 admiratione
1060 3454 1099 3498 est
1113 3449 1297 3512 commendata,
1311 3456 1346 3513 el,

395 3513 505 3574 Spiritus
524 3515 619 3575 Sancti,
637 3520 724 3576 utpote
740 3515 785 3576 qui
798 3530 857 3576 cog·
882 3517 950 3566 lacta
977 3520 1170 3580 examinatione,
1195 3522 1346 3570 auctoritate

395 3588 502 3632 noscunt
520 3584 597 3632 corda
612 3589 639 3631 et
654 3598 727 3632 renes
746 3585 858 3647 singulo·
883 3588 1022 3648 apostolica
1031 3589 1185 3638 confirmata.
1220 3590 1346 3640 Verumta-

395 3668 461 3712 rum,
486 3659 514 3700 ut
536 3654 586 3714 ipsi
608 3653 704 3713 eligant
723 3653 857 3703 duodecim
883 3672 949 3718 nien,
957 3657 1057 3719 quiade
1069 3658 1259 3720 personaelecti
1270 3675 1345 3722 papan

396 3722 428 3770 de
445 3729 567 3771 conventu
584 3721 675 3771 iratres
690 3722 793 3783 electos,
809 3725 858 3773 sci·
883 3742 931 3775 non
939 3728 1079 3787 constabat,
1086 3728 1157 3777 dedit
1163 3742 1278 3778 summus
1284 3745 1347 3792 pon·

396 3792 549 3841 licetlideles
562 3797 588 3840 et
597 3793 701 3853 peritos,
717 3798 746 3840 ut
756 3793 806 3855 ipsi
817 3794 858 3842 vel
869 3852 871 3863 Ι
882 3796 945 3845 tifex
957 3797 982 3845 in
994 3796 1120 3846 mandatis
1130 3797 1229 3847 Eliensi
1243 3804 1269 3848 et
1282 3799 1348 3849 lon-

395 3861 428 3908 de
443 3863 543 3922 seipsis,
554 3862 594 3910 rel
613 3861 645 3909 de
661 3863 717 3922 ipso
734 3869 858 3913 conventu
869 3866 872 3877 ¹
884 3867 982 3915 dineusi
1002 3867 1140 3928 episcopis,
1156 3872 1195 3931 ut,
1213 3869 1262 3917 rite
1278 3869 1347 3919 tacta

395 3931 569 3990 ecclesiae,rel
581 3931 613 3980 de
625 3932 705 3990 cellis,
715 3946 794 3980 unum
805 3933 858 3982 ido·
884 3951 916 3985 ex
933 3951 1040 3998 persona
1057 3937 1132 3985 electi
1153 3938 1348 3999 examinatione,

397 4014 471 4049 neum
494 4001 589 4062 eligant
611 4001 636 4048 in
656 4002 782 4052 abbatem.
823 4004 859 4052 Ut
884 4007 990 4054 eundem
1003 4007 1029 4054 in
1042 4007 1158 4056 abbatem
1173 4008 1347 4059 confirmatum

396 4075 479 4119 autem
491 4085 577 4118 eorum
594 4070 685 4119 electio
695 4076 721 4119 et
731 4071 803 4120 labor
816 4071 859 4122 de·
884 4076 1348 4139 benedicerentpleneinomnenttarn

395 4139 551 4188 liberationis
566 4155 644 4202 super
656 4141 703 4189 hoc
714 4142 815 4204 negotio
827 4143 860 4191 ir·
885 4146 1056 4207 spiritualium
1075 4161 1150 4209 quam
1169 4148 1347 4209 temporalium

395 4208 459 4257 ritus
477 4225 525 4258 non
543 4211 675 4272 habeatur,
696 4211 793 4263 litteras
814 4212 859 4262 ba·
884 4215 1125 4267 administrationem
1135 4214 1314 4271 instituentes.‘
