2978 4996
405 436 449 501 52
663 447 796 496 nouam
820 446 868 495 na
892 446 1100 495 wsanovnn

245 623 301 664 tu·
311 623 369 662 ¹²1⁹·
408 607 482 671 nati
513 613 595 670 sunt
621 606 716 688 ipsos
745 625 767 668 a
795 605 928 668 fossato
964 603 1142 687 repellere,
1173 603 1234 667 sed
1273 602 1358 667 nihil

246 673 362 763 mh
410 706 657 789 profecerunt3
691 705 824 772 ,clamor
855 711 999 768 exortus
1032 710 1085 767 est
1114 703 1359 767 insultantium

410 826 638 889 paganorum,
664 812 768 868 aucta
796 810 850 867 est
874 802 1042 867 timiditas
1070 801 1360 867 Christianorum.

412 905 479 969 Sed
508 905 650 987 spiritus
682 904 816 968 consilii
844 909 879 965 et
905 901 1118 965 fortitudinis
1141 901 1360 983 Templarios

412 1005 592 1080 animavit,
629 1022 710 1066 narn
742 1003 909 1083 magister
942 999 1080 1082 Templi
1117 1000 1195 1065 cum
1232 1019 1361 1064 marcs-

412 1104 525 1167 challo
557 1103 761 1185 caeterisque
800 1100 976 1176 fratribus,
1009 1119 1072 1182 per
1104 1101 1238 1164 exitum
1273 1100 1361 1163 satis

413 1209 600 1285 angustum
645 1202 776 1282 impetu
822 1199 927 1276 sacto,
973 1199 1119 1263 viriliter
1165 1198 1362 1263 incredulos

413 1302 585 1365 convertit
612 1299 648 1362 in
678 1298 808 1381 fugam.
861 1299 996 1362 Domus
1025 1297 1296 1362 Teutonicorum
1327 1305 1364 1362 et

416 1399 591 1474 Frisones,
613 1396 754 1461 comites
780 1403 815 1460 et
831 1398 989 1474 barones,
1015 1403 1120 1480 atque
1145 1416 1189 1460 ex
1214 1396 1361 1461 diversis

414 1498 612 1561 nationibus
639 1496 779 1572 milites,
804 1496 960 1560 videntes
986 1495 1123 1578 Templi
1147 1495 1304 1560 militiam
1325 1495 1362 1558 in

414 1596 580 1678 periculo,
606 1614 669 1677 per
692 1596 808 1658 exitus
831 1594 897 1657 sihi
923 1596 1100 1677 expositos
1121 1595 1191 1659 illis
1212 1595 1249 1657 in
1275 1613 1363 1657 aux-

415 1694 512 1758 ilium
548 1701 808 1777 proruperunt3
846 1700 930 1757 tunc
970 1693 1103 1776 pedites
1141 1692 1363 1777 perfidorum,

415 1793 579 1877 projectis
604 1793 737 1876 clipeis,
760 1793 1010 1857 truncabantur
1037 1793 1081 1857 ad
1104 1801 1251 1870 centum,
1275 1812 1365 1873 prae-

416 1900 470 1956 ter
505 1893 584 1956 illos
622 1893 682 1976 qui
714 1893 750 1956 in
782 1892 913 1955 fossato
950 1892 1145 1975 praecipites
1175 1892 1365 1974 perierunt.

416 1992 564 2069 Deinde,
579 1992 750 2074 peditibus
769 1990 976 2055 Christianis
996 1991 1157 2073 egressis,
1175 2010 1238 2073 per
1252 1989 1363 2053 modi-

416 2111 494 2155 cum
527 2091 678 2173 spatium
710 2109 786 2153 sese
816 2090 1064 2153 subtraxerunt
1092 2089 1236 2170 hostes;
1271 2089 1364 2155 acies

416 2190 498 2255 hinc
522 2190 603 2253 inde
624 2188 852 2252 substiterunt
873 2197 1016 2253 armatae
1045 2188 1154 2253 donec
1183 2206 1366 2270 crepuscu-

416 2289 489 2353 lum
527 2287 759 2368 vespertinum
798 2296 972 2351 certamen
1014 2288 1162 2365 diremit,
1200 2288 1365 2351 Saraceni

416 2387 513 2469 prius
534 2391 760 2449 recesserunt.
813 2384 1014 2450 Occisurum
1036 2406 1182 2469 corpora
1197 2386 1365 2471 jacebant

412 2485 519 2569 juxta
540 2483 710 2546 fossatum
735 2484 857 2560 multa,
880 2493 1006 2566 praeter
1030 2485 1108 2550 illos
1128 2486 1188 2569 qui
1216 2485 1365 2550 sauciati

416 2582 592 2647 lethaliter
625 2583 668 2645 ad
704 2589 820 2646 castra
852 2591 934 2647 sunt
965 2584 1109 2648 reducti.
1181 2583 1291 2648 Pauci
1321 2584 1365 2647 de

416 2682 574 2747 fidelibus
596 2701 658 2763 per
677 2681 841 2745 virtutem
864 2681 932 2746 Dei
953 2690 989 2746 et
1006 2682 1282 2766 Templariorum
1306 2701 1365 2746 au-

416 2782 551 2847 daciam
573 2780 741 2863 perempti
763 2780 903 2844 suerunt
920 2788 956 2844 et
978 2783 1119 2864 captivi.
1172 2783 1265 2846 Dum
1291 2782 1366 2846 haec

415 2889 602 2963 agerentur
639 2880 777 2956 ibidem,
812 2881 994 2944 combusta
1029 2889 1113 2944 sunt
1139 2880 1210 2944 fere
1249 2882 1367 2945 omnia

417 2982 647 3044 instrumenta
677 2978 841 3055 fidelium,
870 2998 949 3060 quae
976 2988 1092 3043 erecta
1120 2987 1219 3044 erant
1244 2988 1367 3044 contra

418 3079 607 3151 civitatem,
638 3095 660 3139 a
692 3075 928 3140 defensoribus
962 3077 1064 3160 ejus,
1081 3087 1209 3160 praeter
1240 3079 1367 3157 scalas,

417 3175 453 3237 in
475 3193 637 3254 magnum
667 3172 942 3239 Christianorum
969 3176 1224 3242 detrimentum.
1278 3177 1367 3242 Post

418 3272 482 3336 has
509 3273 616 3353 igitur
640 3272 752 3336 iactas
776 3292 797 3336 a
821 3274 973 3338 Soldano
996 3276 1193 3340 invasiones
1220 3296 1289 3340 non
1312 3285 1367 3340 est

419 3390 524 3435 ausus
546 3371 709 3452 congredi
733 3390 811 3435 cum
837 3372 1056 3451 Christianis,
1083 3375 1144 3438 scd
1169 3395 1238 3439 non
1261 3376 1367 3457 longe

418 3471 463 3533 ab
479 3470 656 3533 obsidione
672 3470 752 3533 fixis
769 3473 926 3536 tentoriis
941 3473 977 3535 in
992 3472 1126 3537 insidiis
1142 3475 1315 3539 manebat.

446 3645 496 3708 De
503 3643 617 3729 prelio
629 3645 792 3728 campestri
808 3645 889 3708 inter
906 3645 1140 3711 Christianum
1155 3648 1335 3712 Saracenos.

469 3766 654 3831 Exercitus
677 3776 793 3833 autem
812 3768 954 3845 Christi,
970 3790 1048 3834 cum
1071 3770 1201 3835 diutius
1225 3792 1288 3835 usu
1307 3792 1368 3855 pe·

417 3867 602 3929 trariarnm
622 3875 657 3929 et
676 3868 932 3931 trehuculorum
956 3870 1171 3953 aliarumque
1193 3871 1369 3935 machina·

417 3983 493 4027 rum
516 3984 631 4028 muros
654 3967 807 4030 civitatis
831 3969 1031 4032 subvertere
1054 3969 1282 4046 laborassent,
1305 3989 1369 4034 nec

418 4063 602 4144 quicquam
633 4064 872 4145 proiecissent,
893 4087 914 4130 a
937 4068 1218 4149 prudentioribus
1249 4068 1371 4150 populi

417 4161 597 4241 perspicue
620 4161 871 4244 deprehensum
894 4174 947 4230 est
967 4175 1003 4231 et
1020 4169 1191 4232 veraciter
1214 4168 1369 4232 intellec-
