2978 4996
465 449 605 498 anonas
629 450 896 501 ursronrnaun.
1088 441 1154 507 ³03

291 686 339 749 De
353 685 498 771 colloquio
511 685 613 750 lechito
627 688 710 751 iuter
718 708 859 772 proceres
874 685 1032 752 Hiberniae
1046 697 1075 752 et

364 820 368 829 ·
488 787 625 850 comitem
638 785 873 850 diorescallonc.

260 906 368 971 Mane
384 915 500 972 autem
518 910 623 985 facto,
641 917 810 973 venerunt
826 910 870 972 ad
892 910 1102 991 colloquium
1120 912 1153 973 in
1169 932 1223 969 no.
1235 933 1290 970 un.

209 1014 310 1090 prato
330 1007 395 1070 sibi
415 1006 598 1088 designato
617 1008 807 1071 Mauricius
829 1009 1055 1091 justiciarius,
1075 1010 1154 1073 Hu-
1168 982 1288 1089 libelii}

209 1125 255 1187 go
281 1108 323 1169 de
347 1105 473 1170 Laceio
501 1116 536 1170 et
555 1107 751 1170 Richardus
774 1107 817 1170 de
841 1109 971 1188 Burgo,
993 1127 1071 1171 cum
1095 1110 1153 1171 mi·
1167 1081 1307 1168 iifl‘dl'm

208 1204 327 1268 litibus
349 1206 477 1287 septies
493 1205 617 1286 viginti
635 1206 830 1269 fortissimis
850 1213 885 1270 et
902 1206 1154 1282 audacissimis,
1168 1180 1246 1218 ''m''

209 1322 296 1385 quos
323 1324 345 1369 a
364 1312 517 1385 tempore
541 1304 746 1387 proditionis
778 1304 949 1368 inchoatae
977 1306 1154 1386 elegerant

208 1422 253 1466 ex
278 1411 352 1467 toto
379 1402 556 1466 Hiberniae
585 1423 705 1484 regno,
728 1411 768 1466 ut
790 1405 996 1485 perimerent
1019 1405 1154 1469 Mares·

210 1501 349 1578 callum,
372 1502 466 1565 etad
492 1502 557 1565 hoc
585 1503 825 1566 conduxerant
843 1503 979 1583 mugnis
1004 1506 1154 1568 muneri·

210 1600 275 1663 bus
307 1611 343 1664 et
365 1601 658 1682 promissionibus,
688 1602 747 1682 qui
775 1612 968 1684 campestre
998 1604 1154 1684 praelium

210 1700 322 1780 magis
339 1719 443 1781 quam
460 1700 677 1763 concordiam
696 1701 872 1763 sitiebant.
926 1701 1154 1766 Marescallus

211 1818 294 1862 vero
315 1818 395 1862 cum
417 1799 489 1861 suis
515 1800 669 1874 amiatis,
692 1799 751 1879 qui
774 1818 893 1861 omnes
916 1801 980 1861 sibi
1000 1799 1078 1865 ficte
1093 1801 1153 1864 ad-

211 1896 401 1973 haerebant,
414 1905 540 1978 praeter
555 1897 748 1979 quindecim
766 1896 904 1972 milites,
917 1916 1005 1977 quos
1021 1898 1063 1961 de
1079 1919 1155 1979 pro

212 1998 289 2078 pria
304 1997 435 2060 familia
457 1996 618 2073 habebat,
641 1996 685 2059 ad
703 1995 912 2076 colloquium
929 1996 1071 2058 veniens
1094 2017 1156 2078 per

210 2114 317 2159 uuum
347 2096 417 2159 fere
449 2095 594 2160 milliare
630 2098 674 2159 ab
706 2095 862 2158 hostibus
894 2094 1025 2157 divisus
1057 2113 1155 2157 suam

211 2196 405 2276 composuit
419 2196 616 2259 stationem.
663 2194 809 2270 Deinde,
826 2192 1032 2274 Templariis
1048 2194 1154 2257 medi-

212 2295 364 2370 antibus,
375 2294 436 2376 qui
450 2294 540 2356 inter
554 2301 738 2375 utrumque
752 2294 940 2356 exercitum
955 2293 1061 2356 verba
1076 2313 1155 2356 con-

211 2392 378 2470 serebant,
391 2393 434 2456 de
451 2411 535 2474 pace
549 2402 698 2456 tractare
715 2400 905 2474 coeperunt.
939 2392 1005 2455 Sed
1016 2393 1154 2456 tandem

213 2499 393 2572 magnates
408 2491 598 2568 Hiberniae,
609 2491 809 2555 utbreviter
821 2491 967 2567 dicatur,
980 2512 1058 2555 cum
1074 2512 1155 2573 cog-

214 2592 391 2655 novissent
418 2591 510 2672 quod
539 2591 765 2653 Marescallus
797 2611 873 2654 cum
901 2592 1019 2672 paucis
1050 2591 1155 2654 adve-

214 2698 325 2765 nerat,
338 2690 622 2770 significaverunt
632 2691 664 2753 ei
679 2689 938 2752 immutabiliter
952 2696 987 2752 et
1000 2689 1154 2769 praecise,

213 2788 318 2868 quod,
335 2788 401 2850 nisi
418 2789 603 2870 praedictas
624 2788 827 2851 concederet
843 2786 1008 2861 inducias,
1023 2786 1154 2849 diffida-

215 2888 299 2951 bant
317 2905 408 2963 eum,
423 2895 463 2950 ut
479 2889 643 2951 continuo
659 2886 784 2966 gladiis
806 2885 1076 2947 discurrentibus
1093 2905 1155 2947 ex-

214 2986 418 3067 perirentur,
428 2986 505 3067 quis
515 3005 559 3049 ex
571 2986 640 3048 illis
651 2985 686 3047 in
698 2984 818 3065 praelio
829 2982 1154 3047 sortiorhaberetur.

215 3082 339 3148 Comes
359 3104 440 3147 vero
458 3082 698 3159 Marescailus,
721 3103 782 3164 per
803 3081 984 3145 consilium
1008 3081 1156 3145 Galsridi

213 3183 256 3245 de
285 3182 438 3245 Marisco
466 3190 501 3246 et
528 3182 673 3246 aliorum
704 3182 878 3245 hominum
909 3201 1060 3254 suorum,
1096 3182 1155 3244 sed

214 3280 415 3357 infidelium,
442 3281 573 3344 invitus
599 3288 634 3344 et
655 3287 796 3344 coactus
822 3282 924 3361 plane
949 3281 1089 3361 negavit
1107 3282 1156 3344 eis

214 3387 355 3461 treugas
376 3380 580 3461 postulatas,
604 3386 726 3461 petens
753 3387 954 3444 constanter
976 3401 1037 3461 per
1052 3380 1155 3442 inter-

214 3480 354 3543 nuntios
389 3486 607 3554 memoratos,
637 3486 676 3542 ut
703 3478 884 3542 redderent
907 3480 972 3542 sibi
997 3478 1154 3559 quaedam

213 3577 357 3642 castella
383 3597 459 3654 sua,
479 3597 557 3659 quae
581 3577 709 3659 injuste
735 3583 989 3658 occupaverant
1011 3585 1046 3639 et
1068 3575 1155 3638 deti-

213 3679 354 3753 nebant,
392 3677 473 3758 quia
515 3676 683 3758 injustum
722 3676 753 3739 ei
785 3675 967 3739 videbatur
1001 3673 1156 3735 inducias

213 3776 398 3839 concedere
432 3775 627 3857 spoliatus3
661 3792 808 3854 cumque
831 3773 880 3836 illi
906 3773 939 3834 id
964 3772 1076 3834 facere
1098 3770 1157 3833 de-

213 3882 412 3955 negassent,
430 3873 606 3956 dispositis
628 3873 767 3936 aciebus
789 3871 833 3936 ad
856 3889 1009 3953 pugnam
1037 3877 1157 3932 contra

214 3973 458 4037 Marescallum
478 3972 679 4055 procedunt,
696 3972 795 4052 quasi
824 3971 936 4032 securi
953 3969 995 4030 de
1012 3969 1157 4031 victoria

213 4072 411 4136 obtinenda.
465 4071 567 4149 Quod
586 4071 705 4134 videus
728 4068 919 4133 Gauliidus
944 4068 986 4130 de
1007 4066 1158 4130 Marisco

212 4170 302 4235 dixit
334 4171 377 4234 ad
406 4170 663 4246 Murescallum,
697 4167 914 4233 ‘Consilium
954 4168 996 4230 do
1029 4167 1091 4230 tibi
1122 4167 1158 4229 in
