2978 4996
371 456 437 522 188
625 472 760 520 aocnm
785 472 832 518 nn
855 470 1061 520 wranovna

211 645 333 685 auum-
372 637 444 693 tam
470 650 515 694 ex
539 630 684 694 fratrum
714 638 921 705 nostrorum,
944 629 1004 711 qui
1027 648 1105 691 eum
1135 628 1171 691 in
1194 627 1323 693 scholis

373 737 556 805 noverunt,
584 749 688 810 quam
720 748 764 792 ex
795 729 1042 792 venerabilium
1070 728 1216 790 fratrum
1246 747 1322 791 nos

372 836 503 892 trorum
535 828 709 893 Roffensis
742 836 777 891 et
804 826 1052 891 coventrensis
1082 827 1322 910 episcoporum

373 936 408 991 et
427 928 572 991 aliorum
598 926 748 1007 plurium
772 926 983 1001 testimonio,
1007 925 1116 988 virum
1143 925 1323 988 didicimus

373 1027 554 1090 eminentis
593 1026 795 1101 literaturae,
838 1025 1110 1088 conversationis
1156 1024 1325 1100 honestae,

373 1125 474 1187 famae
512 1125 755 1205 integerrimae,
793 1123 1094 1187 excellentissimae
1129 1124 1322 1200 industriae,

373 1224 558 1286 zelatorem
590 1225 781 1286 animarum
812 1231 848 1286 ct
869 1222 1114 1286 ecclesiasticae
1138 1223 1321 1299 libertatis,

374 1322 633 1385 Cantuariensis
668 1322 834 1398 ecclesiae,
866 1322 908 1385 de
944 1322 1088 1384 fratrum
1124 1330 1321 1386 nostrorum

373 1421 529 1497 consilio,
561 1422 788 1504 praesentibus
817 1420 970 1504 praefatis
1001 1421 1183 1503 episcopis,
1209 1422 1322 1504 praefi·

373 1521 482 1583 cimus
518 1521 553 1583 in
584 1520 878 1603 archiepiscopum
916 1527 951 1583 et
981 1528 1166 1601 pastorem.
1225 1520 1321 1598 Qua-

374 1627 516 1702 propter
534 1618 784 1683 fraternitatem
808 1627 958 1682 vestram
988 1638 1165 1682 monemus
1193 1628 1229 1683 et
1246 1619 1322 1682 hor·

374 1725 500 1794 tamur,
517 1739 579 1801 per
601 1718 792 1801 apostolica
811 1719 941 1800 scripta
963 1718 1179 1795 mandantes,
1202 1727 1323 1800 quate·

374 1837 451 1893 nus,
470 1826 634 1901 tanquam
654 1818 810 1882 caritatis
833 1817 893 1879 filii
916 1825 951 1880 et
967 1816 1174 1893 devotionis,
1196 1818 1321 1899 ipsum,

373 1916 417 1978 ad
443 1916 605 1980 honorem
629 1916 873 1999 omnipotentis
901 1915 968 1979 Dei
991 1924 1025 1979 et
1045 1917 1247 1998 apostolicae
1269 1937 1323 1980 se-

373 2014 426 2078 dis
456 2023 491 2080 et
520 2015 781 2080 Cantuariensis
813 2015 978 2090 ecclesiae,
1007 2016 1210 2097 recipientes
1243 2035 1320 2079 cunr

373 2113 568 2178 humilitate
591 2114 708 2178 debita
732 2122 766 2178 et
788 2112 972 2177 devotione
999 2115 1134 2178 sincera
1163 2115 1321 2178 intenda-

375 2213 419 2276 tis
441 2213 562 2288 eidem,
577 2220 613 2275 et
630 2219 794 2294 tanquam
815 2213 906 2294 patri
927 2220 961 2276 et
977 2215 1109 2293 pastori
1129 2214 1320 2277 animarum

376 2319 567 2375 vestrarum
581 2308 623 2373 'et
640 2311 906 2392 metropolitano
923 2320 1039 2375 vestro
1061 2312 1231 2376 obediatis
1259 2314 1320 2377 ltu-

374 2410 501 2472 militer
532 2417 567 2472 et
592 2409 726 2473 devote.
779 2408 941 2474 Gaudere
966 2410 1102 2492 quidem
1130 2411 1263 2475 debetis
1285 2414 1318 2475 in

374 2507 537 2584 Domino,
566 2508 656 2590 quod
680 2508 773 2571 illius
801 2510 916 2590 gratia
940 2510 1177 2593 principaliter
1198 2530 1321 2594 coope-

373 2614 482 2683 rante,
515 2609 574 2690 qui
608 2607 808 2689 inspirando
843 2609 1011 2689 praevenit
1041 2617 1077 2672 et
1107 2603 1321 2692 ¹adjuvando

373 2709 604 2789 prosequitur,
634 2707 811 2789 provisum
841 2717 894 2770 est
919 2707 1138 2772 laudabiliter
1166 2709 1321 2773 ecclesiae

374 2806 537 2872 viduatae.
591 2806 709 2882 Data,'
726 2814 761 2869 et
778 2814 915 2869 caetera.

456 2979 609 3053 Quomodo
624 2987 710 3043 tarro
724 2987 834 3042 auecta
850 2978 994 3043 restitute
1010 2987 1053 3043 ast
1069 2977 1238 3044 Frederico

751 3078 945 3162 imperatori.

336 3229 359 3257 οι
424 3197 552 3260 Eodem
577 3219 668 3264 anno
689 3202 860 3265 Dominus
885 3211 1004 3267 noster
1025 3203 1048 3266 J
1052 3223 1131 3266 esus
1149 3203 1321 3281 Christus,

373 3295 536 3360 Salvator
551 3306 586 3361 et
606 3302 758 3363 omnium
781 3303 986 3368 saeculorum
1002 3302 1222 3380 consolator,
1240 3304 1323 3368 visi·

374 3403 450 3458 tans
465 3396 730 3463 misericorditer
746 3400 879 3482 plebem
899 3421 1010 3478 suam,
1028 3402 1205 3466 civitatem
1221 3422 1323 3466 sanc·

372 3502 444 3558 tam
467 3495 701 3577 Hierusalem,
723 3507 758 3563 et
778 3507 904 3564 terram
930 3510 1052 3577 totam,
1073 3520 1179 3583 quam
1198 3502 1320 3565 Domi·

372 3614 437 3658 nus
461 3596 550 3659 idem
574 3606 609 3661 et
634 3598 848 3680 Redemptor
870 3608 1000 3678 noster,
1020 3600 1087 3664 Dei
1111 3599 1235 3677 Filius,
1257 3621 1320 3666 suo

371 3697 542 3775 sanguine
578 3699 805 3775 consecravit,
833 3701 993 3780 precibus
1029 3699 1236 3763 universalis
1267 3720 1322 3764 ec·

371 3793 497 3867 clasiae,
520 3797 728 3876 generaliter
750 3797 878 3880 populo
895 3798 1104 3875 Christiano,
1126 3800 1323 3880 specialiter

371 3911 453 3956 varo
475 3893 711 3958 Romanorum
734 3897 933 3977 imperatori
957 3898 1109 3960 restituit
1128 3897 1322 3965 Frederico.

371 3990 453 4054 Fuit
471 4001 586 4056 autem
608 3995 738 4077 aliquid
757 3996 1010 4077 beneplacitum
1034 3996 1184 4061 Domino
1203 3998 1238 4060 in
1263 4018 1322 4081 po-

579 4201 586 4233 ¹
598 4203 765 4268 adiuvanda]
789 4205 797 4232 ‘
809 4202 995 4266 Adjuvantem’
1007 4206 1033 4254 in
1046 4206 1104 4255 MS.
