2978 4996
418 428 484 491 lac
673 443 808 492 aoonnr
832 443 879 490 nn
902 442 1110 490 wunnovra

257 616 379 663 nonna
420 621 538 665 omnes
569 602 815 688 incarceratos,
843 607 879 663 et
901 601 1075 682 praecipuo
1095 600 1240 663 comites
1268 596 1376 663 Flan-

420 701 578 764 drensem
611 700 824 764 Ferrandum
855 705 891 762 et
922 699 1176 762 Bononiensem
1204 697 1373 779 Reginal-

420 799 514 874 dum,
536 819 558 862 a
579 800 774 864 carceribus
799 798 948 875 liberari,
974 798 1034 879 qui
1059 798 1095 860 in
1111 797 1373 862 subversionem
1453 792 1460 803 ’

419 898 617 962 libertatum
647 899 746 978 regni
769 898 844 981 jam
872 916 935 979 per
961 915 1072 960 annos
1099 896 1280 961 duodecim
1307 897 1373 959 sub

420 997 559 1061 arctiori
582 996 740 1061 custodia
760 996 796 1059 in
815 993 963 1061 vinculis
985 996 1203 1059 tenebantur.
1257 993 1374 1058 Petie-

421 1104 503 1160 runt
526 1096 668 1178 insuper
688 1095 828 1177 quidam
846 1114 964 1159 eorum
989 1102 1100 1158 terras
1122 1113 1205 1157 suas
1227 1094 1294 1157 sibi
1316 1114 1370 1157 re·

420 1195 530 1270 stitui,
553 1213 640 1277 quas
666 1203 765 1275 pater
784 1193 859 1277 ejus
882 1191 1088 1257 Lodowicus
1112 1202 1253 1258 atavus
1275 1193 1370 1256 illius

422 1292 605 1375 Philippus
638 1293 748 1356 multo
771 1293 846 1377 jam
876 1299 1030 1373 tempore
1058 1291 1188 1375 injuste
1211 1291 1369 1356 detinue-

420 1400 499 1455 rant
517 1399 717 1474 occupatas.
759 1391 942 1475 Adjiciunt
952 1392 1070 1467 etiam,
1083 1390 1175 1474 quod
1193 1391 1308 1454 nullus
1325 1391 1369 1454 de

420 1510 527 1572 regno
543 1491 756 1555 Francorum
770 1491 888 1554 debuit
903 1491 948 1553 ab
964 1491 1080 1571 aliquo
1099 1490 1179 1573 jure
1200 1509 1265 1554 suo
1289 1510 1370 1572 spo·

420 1589 510 1667 liam,
527 1590 592 1653 nisi
606 1609 668 1672 per
679 1589 847 1672 judicium
861 1589 1041 1654 duodectm
1059 1590 1208 1671 parium,
1222 1609 1285 1652 nec
1303 1590 1368 1653 ali·

420 1690 497 1770 quis
518 1689 609 1753 bello
632 1689 754 1770 premi,
776 1689 843 1752 nisi
862 1688 958 1770 prius
982 1688 1205 1757 denuntietur
1225 1708 1287 1770 per
1305 1706 1366 1751 an-

420 1807 524 1866 num3
551 1796 599 1865 et,
620 1808 697 1851 cum
719 1786 793 1851 baec
807 1789 924 1851 omnia
938 1787 1004 1850 sibi
1023 1787 1151 1851 suerint
1173 1787 1367 1864 emendata,

420 1893 503 1950 tunc
514 1889 624 1969 primo
636 1888 680 1950 ad
693 1886 950 1951 coronationem
963 1906 1031 1951 non
1043 1886 1230 1950 tardabunt
1239 1888 1368 1950 venire.

420 1986 558 2068 Regina
574 2006 668 2063 vero,
684 1986 728 2050 de
744 1986 887 2049 consilio
901 1986 1021 2067 legati,
1038 1990 1194 2050 metuens
1210 2005 1254 2049 ne
1270 2005 1368 2050 mora
1393 2040 1397 2046 .

418 2086 606 2166 periculum
624 2092 772 2167 pareret,
795 2092 985 2149 convocato
1006 2086 1104 2166 regni
1121 2085 1226 2162 clero,
1237 2094 1273 2149 et
1284 2103 1367 2166 pau·

419 2185 469 2246 cis
497 2204 541 2247 ex
560 2183 768 2266 proceribus,
784 2202 872 2266 quos
891 2184 1017 2248 babere
1034 2191 1183 2267 poterat,
1205 2183 1288 2248 fecit
1303 2185 1367 2247 fili-

419 2301 476 2344 um
499 2302 613 2358 suum,
633 2300 776 2364 puerum
798 2282 931 2346 scilicet
951 2283 1012 2346 vix
1032 2282 1230 2367 decennem,
1253 2285 1288 2346 in
1315 2304 1366 2347 re-

419 2399 498 2460 gem
512 2380 567 2444 die
583 2381 695 2445 sancti
708 2379 859 2446 Andreae
875 2382 1025 2465 apostoli
1042 2384 1211 2446 coronari.
1263 2376 1367 2446 ¹Sub-

417 2486 602 2544 traxerunt
632 2500 669 2544 se
696 2481 831 2562 quidem
862 2482 906 2544 ab
939 2480 1004 2544 hac
1040 2484 1261 2563 coronatione
1294 2482 1367 2545 dux

417 2577 640 2659 Burgundiae,
671 2599 785 2644 comes
818 2580 1031 2663 Campaniae,
1064 2599 1178 2645 comes
1205 2580 1248 2644 de
1281 2581 1365 2659 Bar,

416 2696 531 2743 comes
547 2680 589 2742 de
606 2687 728 2743 sancto
747 2679 870 2755 Paulo,
893 2699 1007 2744 comes
1023 2680 1226 2757 Britanniae,
1242 2688 1279 2744 et
1296 2680 1366 2745 sere

415 2797 545 2855 omnes,
566 2786 605 2843 ut
632 2779 783 2843 breviter
810 2778 957 2856 dicatur,
978 2779 1111 2843 nobiles
1134 2779 1177 2842 ad
1200 2798 1364 2843 coronam

414 2886 623 2958 spectantes,
656 2879 716 2960 qui
745 2897 822 2941 sese
853 2879 969 2960 potius
1005 2881 1291 2960 preparaverunt
1320 2879 1362 2943 ad

413 2995 579 3057 pugnarn,
594 2995 698 3060 quam
715 2976 759 3038 ad
772 2977 868 3059 pacis
886 2984 921 3041 et
935 2977 1128 3041 concordiae
1146 2978 1327 3042 unitatem.

463 3075 543 3139 Rex
566 3083 683 3138 autem
700 3074 906 3156 Anglorum,
929 3077 1073 3141 audiens
1090 3076 1267 3140 dissidium
1284 3098 1363 3160 pro-

411 3192 526 3245 cerum
543 3175 797 3255 praedictorum,
814 3175 907 3239 misit
923 3176 966 3238 ad
982 3184 1099 3258 partes
1114 3177 1363 3240 transmarinas

412 3271 709 3354 archiepiscopum
734 3273 985 3338 Eboracensem
999 3274 1207 3352 Walterum,
1230 3284 1265 3341 et
1279 3276 1363 3339 Phi-

410 3370 543 3453 lippum
558 3373 600 3435 de
609 3371 778 3437 Albeneio
794 3373 950 3450 militem,
963 3394 1041 3437 cum
1057 3375 1134 3438 aliis
1151 3374 1361 3439 solemnibus

409 3470 548 3551 legatis,
574 3472 616 3535 ad
649 3473 834 3553 optimates
867 3472 1105 3549 Normanniae,
1132 3471 1362 3555 Andegaviae,

409 3569 602 3635 Britanniae
631 3579 667 3634 et
690 3571 872 3648 Pictaviar,
896 3571 957 3654 qui
981 3573 1047 3636 sibi
1069 3573 1193 3655 subjici
1220 3573 1263 3638 de
1281 3574 1362 3657 jure

407 3670 625 3746 tenebantur,
634 3670 816 3751 postulans
833 3689 910 3734 cum
923 3672 1058 3753 magnis
1075 3671 1361 3755 promissionibus

440 3890 665 3957 ¹Subtruxerrat.]
690 3893 814 3955 Compara
825 3893 868 3943 tbe
895 3894 984 3944 sadors
999 3894 1062 3943 from
1080 3893 1209 3956 England,
1220 3896 1360 3960 promising

404 3965 545 4015 acconntin
554 3963 868 4014 decaronffirmnaee.
893 3968 920 4011 to
931 3965 1018 4025 betray
1030 3964 1072 4013 the
1083 3964 1204 4035 kingdom
1222 3965 1275 4015 into
1287 3966 1360 4015 Hen-

404 4034 450 4082 des
463 4034 533 4084 Hist.
547 4034 620 4082 xviii.
632 4049 658 4094 p.
672 4036 731 4093 8185
748 4033 834 4082 where
848 4034 868 4081 it
893 4028 1044 4094 ry'shands.
1070 4034 1279 4085 Fordocnments
1289 4050 1358 4098 upon

402 4104 425 4150 is
449 4102 544 4162 added,
566 4102 620 4150 that
637 4102 698 4163 they
715 4103 786 4164 daily
808 4103 867 4151 beld
892 4102 1359 4170 theseproceedingsseeitymerfflp.

401 4171 616 4234 correspondence
627 4171 689 4221 with
706 4171 748 4222 tbe
767 4173 868 4222 ambas·
893 4177 950 4233 18³,
965 4177 1021 4223 184.
