<?xml version="1.0" encoding="UTF-8"?>
<!DOCTYPE html PUBLIC "-//W3C//DTD XHTML 1.0 Transitional//EN"
    "http://www.w3.org/TR/xhtml1/DTD/xhtml1-transitional.dtd">
<html xmlns="http://www.w3.org/1999/xhtml" xml:lang="en" lang="en">
 <head>
  <title>
</title>
<meta http-equiv="Content-Type" content="text/html;charset=utf-8" />
  <meta name='ocr-system' content='tesseract 3.04.00' />
  <meta name='ocr-capabilities' content='ocr_page ocr_carea ocr_par ocr_line ocrx_word'/>
</head>
<body>
  <div class='ocr_page' id='page_1' title='image "./rogeridewendove02rogegoog_0182.png"; bbox 0 0 2978 4996; ppageno 0'>
   <div class='ocr_carea' id='block_1_1' title="bbox 463 423 1162 489">
    <p class='ocr_par' dir='ltr' id='par_1_1' title="bbox 463 423 1162 489">
     <span class='ocr_line' id='line_1_1' title="bbox 463 423 1162 489; baseline 0.01 -8"><span class='ocrx_word' id='word_1_1' title='bbox 463 434 602 483; x_wconf 80' lang='lat' dir='ltr'><strong>smnus</strong></span> <span class='ocrx_word' id='word_1_2' title='bbox 625 435 896 487; x_wconf 80' lang='lat' dir='ltr'><strong>nrsronmnurr.</strong></span> <span class='ocrx_word' id='word_1_3' title='bbox 1097 423 1162 489; x_wconf 82' lang='lat'><strong>171</strong></span> 
     </span>
    </p>
   </div>
   <div class='ocr_carea' id='block_1_2' title="bbox 209 590 1299 4026">
    <p class='ocr_par' dir='ltr' id='par_1_2' title="bbox 209 590 1299 4026">
     <span class='ocr_line' id='line_1_2' title="bbox 210 590 1299 675; baseline 0 -19"><span class='ocrx_word' id='word_1_4' title='bbox 210 609 400 675; x_wconf 89' lang='lat' dir='ltr'><strong>suspensus</strong></span> <span class='ocrx_word' id='word_1_5' title='bbox 427 591 515 671; x_wconf 82' lang='lat' dir='ltr'><strong>fuit3</strong></span> <span class='ocrx_word' id='word_1_6' title='bbox 547 590 664 668; x_wconf 91' lang='lat' dir='ltr'><strong>tertio,</strong></span> <span class='ocrx_word' id='word_1_7' title='bbox 692 591 785 673; x_wconf 93' lang='lat' dir='ltr'><strong>quod</strong></span> <span class='ocrx_word' id='word_1_8' title='bbox 810 599 956 656; x_wconf 86' lang='lat' dir='ltr'><strong>steterat</strong></span> <span class='ocrx_word' id='word_1_9' title='bbox 982 592 1018 656; x_wconf 91' lang='lat' dir='ltr'><strong>in</strong></span> <span class='ocrx_word' id='word_1_10' title='bbox 1048 597 1162 659; x_wconf 87' lang='lat' dir='ltr'><strong>causis</strong></span> <span class='ocrx_word' id='word_1_11' title='bbox 1175 615 1299 656; x_wconf 59' lang='lat' dir='ltr'><strong>scam.</strong></span> 
     </span>
     <span class='ocr_line' id='line_1_3' title="bbox 209 688 1163 777; baseline 0.002 -21"><span class='ocrx_word' id='word_1_12' title='bbox 209 699 332 756; x_wconf 89' lang='lat' dir='ltr'><strong>contra</strong></span> <span class='ocrx_word' id='word_1_13' title='bbox 354 698 489 773; x_wconf 91' lang='lat' dir='ltr'><strong>patrem</strong></span> <span class='ocrx_word' id='word_1_14' title='bbox 517 708 619 753; x_wconf 90' lang='lat' dir='ltr'><strong>suum</strong></span> <span class='ocrx_word' id='word_1_15' title='bbox 641 709 759 770; x_wconf 85' lang='lat' dir='ltr'><strong>regem</strong></span> <span class='ocrx_word' id='word_1_16' title='bbox 783 688 806 753; x_wconf 88' lang='lat' dir='ltr'>J</span> <span class='ocrx_word' id='word_1_17' title='bbox 809 690 981 755; x_wconf 91' lang='lat' dir='ltr'><strong>ohannem</strong></span> <span class='ocrx_word' id='word_1_18' title='bbox 1007 701 1163 777; x_wconf 88' lang='lat' dir='ltr'><strong>tempore</strong></span> 
     </span>
     <span class='ocr_line' id='line_1_4' title="bbox 211 789 1163 871; baseline 0.003 -16"><span class='ocrx_word' id='word_1_19' title='bbox 211 791 397 855; x_wconf 80' lang='lat' dir='ltr'><strong>interdicti.</strong></span> <span class='ocrx_word' id='word_1_20' title='bbox 451 789 614 871; x_wconf 86' lang='lat' dir='ltr'><strong>Episcopi</strong></span> <span class='ocrx_word' id='word_1_21' title='bbox 638 799 808 871; x_wconf 85' lang='lat' dir='ltr'><strong>praeterea</strong></span> <span class='ocrx_word' id='word_1_22' title='bbox 823 789 1084 856; x_wconf 77' lang='lat' dir='ltr'><strong>cantuariensis</strong></span> <span class='ocrx_word' id='word_1_23' title='bbox 1107 814 1163 858; x_wconf 94' lang='lat' dir='ltr'><strong>ec-</strong></span> 
     </span>
     <span class='ocr_line' id='line_1_5' title="bbox 212 888 1164 974; baseline 0.002 -20"><span class='ocrx_word' id='word_1_24' title='bbox 212 890 326 955; x_wconf 84' lang='lat' dir='ltr'><strong>clesiae</strong></span> <span class='ocrx_word' id='word_1_25' title='bbox 351 888 562 970; x_wconf 83' lang='lat' dir='ltr'><strong>suffraganei</strong></span> <span class='ocrx_word' id='word_1_26' title='bbox 584 888 694 951; x_wconf 88' lang='lat' dir='ltr'><strong>eidem</strong></span> <span class='ocrx_word' id='word_1_27' title='bbox 712 888 822 952; x_wconf 91' lang='lat' dir='ltr'><strong>electo</strong></span> <span class='ocrx_word' id='word_1_28' title='bbox 838 889 1052 972; x_wconf 90' lang='lat' dir='ltr'><strong>objecerunt,</strong></span> <span class='ocrx_word' id='word_1_29' title='bbox 1071 893 1164 974; x_wconf 94' lang='lat' dir='ltr'><strong>quod</strong></span> 
     </span>
     <span class='ocr_line' id='line_1_6' title="bbox 214 976 1165 1070; baseline 0.002 -17"><span class='ocrx_word' id='word_1_30' title='bbox 214 988 512 1053; x_wconf 81' lang='lat' dir='ltr'><strong>sanctimonialem</strong></span> <span class='ocrx_word' id='word_1_31' title='bbox 538 987 712 1069; x_wconf 89' lang='lat' dir='ltr'><strong>quandam</strong></span> <span class='ocrx_word' id='word_1_32' title='bbox 736 976 957 1070; x_wconf 85' lang='lat' dir='ltr'><strong>oppresserat</strong></span> <span class='ocrx_word' id='word_1_33' title='bbox 980 997 1015 1053; x_wconf 95' lang='lat' dir='ltr'><strong>et</strong></span> <span class='ocrx_word' id='word_1_34' title='bbox 1036 1010 1081 1054; x_wconf 86' lang='lat' dir='ltr'><strong>ex</strong></span> <span class='ocrx_word' id='word_1_35' title='bbox 1103 992 1165 1055; x_wconf 90' lang='lat' dir='ltr'><strong>illa</strong></span> 
     </span>
     <span class='ocr_line' id='line_1_7' title="bbox 216 1086 1164 1172; baseline 0.003 -21"><span class='ocrx_word' id='word_1_36' title='bbox 216 1106 342 1172; x_wconf 88' lang='lat' dir='ltr'><strong>pueros</strong></span> <span class='ocrx_word' id='word_1_37' title='bbox 379 1095 607 1169; x_wconf 86' lang='lat' dir='ltr'><strong>susceperat3</strong></span> <span class='ocrx_word' id='word_1_38' title='bbox 648 1086 850 1169; x_wconf 90' lang='lat' dir='ltr'><strong>adjicientes</strong></span> <span class='ocrx_word' id='word_1_39' title='bbox 883 1089 1036 1171; x_wconf 88' lang='lat' dir='ltr'><strong>insuper,</strong></span> <span class='ocrx_word' id='word_1_40' title='bbox 1070 1090 1164 1172; x_wconf 91' lang='lat' dir='ltr'><strong>quod</strong></span> 
     </span>
     <span class='ocr_line' id='line_1_8' title="bbox 214 1185 1164 1269; baseline 0.001 -18"><span class='ocrx_word' id='word_1_41' title='bbox 214 1188 337 1253; x_wconf 86' lang='lat' dir='ltr'><strong>electio</strong></span> <span class='ocrx_word' id='word_1_42' title='bbox 360 1185 609 1268; x_wconf 89' lang='lat' dir='ltr'><strong>archiepiscopi</strong></span> <span class='ocrx_word' id='word_1_43' title='bbox 633 1186 707 1248; x_wconf 90' lang='lat' dir='ltr'><strong>sine</strong></span> <span class='ocrx_word' id='word_1_44' title='bbox 728 1186 864 1250; x_wconf 90' lang='lat' dir='ltr'><strong>illorum</strong></span> <span class='ocrx_word' id='word_1_45' title='bbox 887 1188 1073 1269; x_wconf 86' lang='lat' dir='ltr'><strong>praesentia</strong></span> <span class='ocrx_word' id='word_1_46' title='bbox 1095 1208 1164 1253; x_wconf 92' lang='lat' dir='ltr'><strong>nou</strong></span> 
     </span>
     <span class='ocr_line' id='line_1_9' title="bbox 215 1284 1165 1368; baseline 0.003 -19"><span class='ocrx_word' id='word_1_47' title='bbox 215 1285 381 1350; x_wconf 83' lang='lat' dir='ltr'><strong>debuerat</strong></span> <span class='ocrx_word' id='word_1_48' title='bbox 396 1285 573 1349; x_wconf 88' lang='lat' dir='ltr'><strong>celebrari.</strong></span> <span class='ocrx_word' id='word_1_49' title='bbox 625 1284 768 1348; x_wconf 89' lang='lat' dir='ltr'><strong>Electus</strong></span> <span class='ocrx_word' id='word_1_50' title='bbox 789 1305 871 1350; x_wconf 91' lang='lat' dir='ltr'><strong>vero</strong></span> <span class='ocrx_word' id='word_1_51' title='bbox 891 1287 1058 1368; x_wconf 81' lang='lat' dir='ltr'><strong>praefatus</strong></span> <span class='ocrx_word' id='word_1_52' title='bbox 1076 1289 1165 1352; x_wconf 89' lang='lat' dir='ltr'><strong>elec-</strong></span> 
     </span>
     <span class='ocr_line' id='line_1_10' title="bbox 216 1383 1166 1468; baseline 0.003 -20"><span class='ocrx_word' id='word_1_53' title='bbox 216 1385 301 1449; x_wconf 92' lang='lat' dir='ltr'><strong>tioni</strong></span> <span class='ocrx_word' id='word_1_54' title='bbox 330 1386 432 1448; x_wconf 82' lang='lat' dir='ltr'><strong>sactae</strong></span> <span class='ocrx_word' id='word_1_55' title='bbox 457 1384 600 1448; x_wconf 86' lang='lat' dir='ltr'><strong>tirmiter</strong></span> <span class='ocrx_word' id='word_1_56' title='bbox 632 1383 823 1458; x_wconf 71' lang='lat' dir='ltr'><strong>adhaerens,</strong></span> <span class='ocrx_word' id='word_1_57' title='bbox 855 1394 935 1468; x_wconf 93' lang='lat' dir='ltr'><strong>post</strong></span> <span class='ocrx_word' id='word_1_58' title='bbox 961 1388 1166 1468; x_wconf 88' lang='lat' dir='ltr'><strong>appellatio·</strong></span> 
     </span>
     <span class='ocr_line' id='line_1_11' title="bbox 215 1484 1164 1569; baseline 0.003 -22"><span class='ocrx_word' id='word_1_59' title='bbox 215 1502 292 1547; x_wconf 88' lang='lat' dir='ltr'><strong>nem</strong></span> <span class='ocrx_word' id='word_1_60' title='bbox 312 1484 563 1566; x_wconf 86' lang='lat' dir='ltr'><strong>interpositam,</strong></span> <span class='ocrx_word' id='word_1_61' title='bbox 587 1485 775 1565; x_wconf 90' lang='lat' dir='ltr'><strong>assumptis</strong></span> <span class='ocrx_word' id='word_1_62' title='bbox 798 1485 863 1547; x_wconf 92' lang='lat' dir='ltr'><strong>sibi</strong></span> <span class='ocrx_word' id='word_1_63' title='bbox 886 1486 1064 1549; x_wconf 88' lang='lat' dir='ltr'><strong>monachis</strong></span> <span class='ocrx_word' id='word_1_64' title='bbox 1086 1488 1164 1569; x_wconf 89' lang='lat' dir='ltr'><strong>qui·</strong></span> 
     </span>
     <span class='ocr_line' id='line_1_12' title="bbox 215 1582 1166 1667; baseline 0.003 -21"><span class='ocrx_word' id='word_1_65' title='bbox 215 1583 361 1647; x_wconf 87' lang='lat' dir='ltr'><strong>busdam</strong></span> <span class='ocrx_word' id='word_1_66' title='bbox 385 1582 705 1660; x_wconf 80' lang='lat' dir='ltr'><strong>cantuariensibus,</strong></span> <span class='ocrx_word' id='word_1_67' title='bbox 732 1582 861 1647; x_wconf 91' lang='lat' dir='ltr'><strong>domini</strong></span> <span class='ocrx_word' id='word_1_68' title='bbox 890 1604 991 1667; x_wconf 75' lang='lat' dir='ltr'><strong>papae</strong></span> <span class='ocrx_word' id='word_1_69' title='bbox 1019 1605 1057 1648; x_wconf 91' lang='lat' dir='ltr'><strong>se</strong></span> <span class='ocrx_word' id='word_1_70' title='bbox 1084 1604 1166 1649; x_wconf 89' lang='lat' dir='ltr'><strong>con-</strong></span> 
     </span>
     <span class='ocr_line' id='line_1_13' title="bbox 216 1682 1165 1765; baseline 0.002 -19"><span class='ocrx_word' id='word_1_71' title='bbox 216 1683 393 1765; x_wconf 88' lang='lat' dir='ltr'><strong>spectibus</strong></span> <span class='ocrx_word' id='word_1_72' title='bbox 409 1682 646 1764; x_wconf 86' lang='lat' dir='ltr'><strong>praesentavit,</strong></span> <span class='ocrx_word' id='word_1_73' title='bbox 672 1689 794 1764; x_wconf 90' lang='lat' dir='ltr'><strong>petens</strong></span> <span class='ocrx_word' id='word_1_74' title='bbox 820 1683 1002 1762; x_wconf 90' lang='lat' dir='ltr'><strong>instanter,</strong></span> <span class='ocrx_word' id='word_1_75' title='bbox 1020 1692 1059 1748; x_wconf 94' lang='lat' dir='ltr'><strong>ut</strong></span> <span class='ocrx_word' id='word_1_76' title='bbox 1075 1685 1165 1749; x_wconf 90' lang='lat' dir='ltr'><strong>elec·</strong></span> 
     </span>
     <span class='ocr_line' id='line_1_14' title="bbox 218 1781 1165 1866; baseline 0.003 -22"><span class='ocrx_word' id='word_1_77' title='bbox 218 1782 347 1844; x_wconf 90' lang='lat' dir='ltr'><strong>tionem</strong></span> <span class='ocrx_word' id='word_1_78' title='bbox 376 1781 505 1845; x_wconf 82' lang='lat' dir='ltr'><strong>factam</strong></span> <span class='ocrx_word' id='word_1_79' title='bbox 526 1781 766 1859; x_wconf 80' lang='lat' dir='ltr'><strong>confirmaret3</strong></span> <span class='ocrx_word' id='word_1_80' title='bbox 797 1782 857 1845; x_wconf 89' lang='lat' dir='ltr'><strong>sed</strong></span> <span class='ocrx_word' id='word_1_81' title='bbox 880 1782 1039 1846; x_wconf 89' lang='lat' dir='ltr'><strong>dominus</strong></span> <span class='ocrx_word' id='word_1_82' title='bbox 1061 1801 1165 1866; x_wconf 91' lang='lat' dir='ltr'><strong>papa,</strong></span> 
     </span>
     <span class='ocr_line' id='line_1_15' title="bbox 216 1879 1166 1963; baseline 0.002 -19"><span class='ocrx_word' id='word_1_83' title='bbox 216 1899 293 1944; x_wconf 89' lang='lat' dir='ltr'><strong>cum</strong></span> <span class='ocrx_word' id='word_1_84' title='bbox 315 1881 535 1962; x_wconf 82' lang='lat' dir='ltr'><strong>cognovisset</strong></span> <span class='ocrx_word' id='word_1_85' title='bbox 552 1879 644 1962; x_wconf 93' lang='lat' dir='ltr'><strong>quod</strong></span> <span class='ocrx_word' id='word_1_86' title='bbox 663 1899 685 1942; x_wconf 99' lang='lat' dir='ltr'><strong>a</strong></span> <span class='ocrx_word' id='word_1_87' title='bbox 700 1899 781 1961; x_wconf 89' lang='lat' dir='ltr'><strong>rege</strong></span> <span class='ocrx_word' id='word_1_88' title='bbox 804 1887 839 1943; x_wconf 90' lang='lat' dir='ltr'><strong>et</strong></span> <span class='ocrx_word' id='word_1_89' title='bbox 855 1881 1026 1963; x_wconf 90' lang='lat' dir='ltr'><strong>episcopis</strong></span> <span class='ocrx_word' id='word_1_90' title='bbox 1044 1882 1166 1946; x_wconf 85' lang='lat' dir='ltr'><strong>electio</strong></span> 
     </span>
     <span class='ocr_line' id='line_1_16' title="bbox 217 1978 1166 2061; baseline 0.001 -18"><span class='ocrx_word' id='word_1_91' title='bbox 217 1980 434 2044; x_wconf 86' lang='lat' dir='ltr'><strong>contradicta</strong></span> <span class='ocrx_word' id='word_1_92' title='bbox 464 1979 598 2055; x_wconf 84' lang='lat' dir='ltr'><strong>fuisset,</strong></span> <span class='ocrx_word' id='word_1_93' title='bbox 621 1978 756 2042; x_wconf 90' lang='lat' dir='ltr'><strong>distulit</strong></span> <span class='ocrx_word' id='word_1_94' title='bbox 781 1980 959 2061; x_wconf 84' lang='lat' dir='ltr'><strong>negotium</strong></span> <span class='ocrx_word' id='word_1_95' title='bbox 981 1981 1090 2043; x_wconf 90' lang='lat' dir='ltr'><strong>donec</strong></span> <span class='ocrx_word' id='word_1_96' title='bbox 1116 1983 1166 2044; x_wconf 90' lang='lat' dir='ltr'><strong>rei</strong></span> 
     </span>
     <span class='ocr_line' id='line_1_17' title="bbox 216 2077 1167 2162; baseline 0 -19"><span class='ocrx_word' id='word_1_97' title='bbox 216 2078 455 2143; x_wconf 85' lang='lat' dir='ltr'><strong>certitudinem</strong></span> <span class='ocrx_word' id='word_1_98' title='bbox 477 2077 662 2142; x_wconf 88' lang='lat' dir='ltr'><strong>didicisset.</strong></span> <span class='ocrx_word' id='word_1_99' title='bbox 717 2077 797 2142; x_wconf 84' lang='lat' dir='ltr'><strong>Rex</strong></span> <span class='ocrx_word' id='word_1_100' title='bbox 816 2086 932 2143; x_wconf 90' lang='lat' dir='ltr'><strong>autem</strong></span> <span class='ocrx_word' id='word_1_101' title='bbox 949 2086 984 2142; x_wconf 90' lang='lat' dir='ltr'><strong>et</strong></span> <span class='ocrx_word' id='word_1_102' title='bbox 1002 2078 1167 2162; x_wconf 88' lang='lat' dir='ltr'><strong>episcopi,</strong></span> 
     </span>
     <span class='ocr_line' id='line_1_18' title="bbox 217 2177 1166 2261; baseline 0 -19"><span class='ocrx_word' id='word_1_103' title='bbox 217 2197 296 2242; x_wconf 86' lang='lat' dir='ltr'><strong>enm</strong></span> <span class='ocrx_word' id='word_1_104' title='bbox 319 2178 510 2255; x_wconf 89' lang='lat' dir='ltr'><strong>audissent,</strong></span> <span class='ocrx_word' id='word_1_105' title='bbox 528 2178 620 2261; x_wconf 93' lang='lat' dir='ltr'><strong>quod</strong></span> <span class='ocrx_word' id='word_1_106' title='bbox 637 2177 768 2242; x_wconf 88' lang='lat' dir='ltr'><strong>electus</strong></span> <span class='ocrx_word' id='word_1_107' title='bbox 787 2186 996 2242; x_wconf 87' lang='lat' dir='ltr'><strong>memoratus</strong></span> <span class='ocrx_word' id='word_1_108' title='bbox 1014 2178 1059 2241; x_wconf 90' lang='lat' dir='ltr'><strong>ad</strong></span> <span class='ocrx_word' id='word_1_109' title='bbox 1076 2179 1166 2242; x_wconf 91' lang='lat' dir='ltr'><strong>curi·</strong></span> 
     </span>
     <span class='ocr_line' id='line_1_19' title="bbox 217 2276 1167 2362; baseline 0.001 -22"><span class='ocrx_word' id='word_1_110' title='bbox 217 2296 272 2340; x_wconf 89' lang='lat' dir='ltr'><strong>am</strong></span> <span class='ocrx_word' id='word_1_111' title='bbox 293 2276 486 2341; x_wconf 91' lang='lat' dir='ltr'><strong>Romanam</strong></span> <span class='ocrx_word' id='word_1_112' title='bbox 512 2277 578 2340; x_wconf 89' lang='lat' dir='ltr'><strong>iter</strong></span> <span class='ocrx_word' id='word_1_113' title='bbox 604 2276 817 2359; x_wconf 89' lang='lat' dir='ltr'><strong>arripuisset,</strong></span> <span class='ocrx_word' id='word_1_114' title='bbox 843 2278 1055 2362; x_wconf 89' lang='lat' dir='ltr'><strong>objectiones</strong></span> <span class='ocrx_word' id='word_1_115' title='bbox 1077 2297 1167 2360; x_wconf 87' lang='lat' dir='ltr'><strong>prae·</strong></span> 
     </span>
     <span class='ocr_line' id='line_1_20' title="bbox 216 2375 1167 2469; baseline 0.002 -30"><span class='ocrx_word' id='word_1_116' title='bbox 216 2377 340 2439; x_wconf 89' lang='lat' dir='ltr'><strong>missas</strong></span> <span class='ocrx_word' id='word_1_117' title='bbox 363 2377 399 2439; x_wconf 94' lang='lat' dir='ltr'><strong>in</strong></span> <span class='ocrx_word' id='word_1_118' title='bbox 427 2375 592 2458; x_wconf 88' lang='lat' dir='ltr'><strong>scriptum</strong></span> <span class='ocrx_word' id='word_1_119' title='bbox 616 2376 774 2440; x_wconf 88' lang='lat' dir='ltr'><strong>redactas</strong></span> <span class='ocrx_word' id='word_1_120' title='bbox 793 2385 829 2440; x_wconf 93' lang='lat' dir='ltr'><strong>et</strong></span> <span class='ocrx_word' id='word_1_121' title='bbox 851 2384 922 2440; x_wconf 89' lang='lat' dir='ltr'><strong>tam</strong></span> <span class='ocrx_word' id='word_1_122' title='bbox 944 2379 1040 2459; x_wconf 87' lang='lat' dir='ltr'><strong>regio</strong></span> <span class='ocrx_word' id='word_1_123' title='bbox 1063 2396 1167 2469; x_wconf 74' lang='lat' dir='ltr'><strong>quam</strong></span> 
     </span>
     <span class='ocr_line' id='line_1_21' title="bbox 216 2473 1168 2558; baseline 0.001 -19"><span class='ocrx_word' id='word_1_124' title='bbox 216 2476 457 2558; x_wconf 90' lang='lat' dir='ltr'><strong>episcoporum</strong></span> <span class='ocrx_word' id='word_1_125' title='bbox 476 2473 623 2556; x_wconf 90' lang='lat' dir='ltr'><strong>[sigillo]</strong></span> <span class='ocrx_word' id='word_1_126' title='bbox 644 2475 824 2539; x_wconf 89' lang='lat' dir='ltr'><strong>roboratas</strong></span> <span class='ocrx_word' id='word_1_127' title='bbox 840 2496 902 2558; x_wconf 90' lang='lat' dir='ltr'><strong>per</strong></span> <span class='ocrx_word' id='word_1_128' title='bbox 919 2476 1117 2541; x_wconf 88' lang='lat' dir='ltr'><strong>Roffensem</strong></span> <span class='ocrx_word' id='word_1_129' title='bbox 1132 2485 1168 2540; x_wconf 92' lang='lat' dir='ltr'><strong>et</strong></span> 
     </span>
     <span class='ocr_line' id='line_1_22' title="bbox 219 2573 1167 2657; baseline 0 -18"><span class='ocrx_word' id='word_1_130' title='bbox 219 2574 439 2639; x_wconf 79' lang='lat' dir='ltr'><strong>cestrensem</strong></span> <span class='ocrx_word' id='word_1_131' title='bbox 469 2574 650 2656; x_wconf 90' lang='lat' dir='ltr'><strong>episcopos</strong></span> <span class='ocrx_word' id='word_1_132' title='bbox 676 2573 814 2638; x_wconf 91' lang='lat' dir='ltr'><strong>domino</strong></span> <span class='ocrx_word' id='word_1_133' title='bbox 843 2594 943 2657; x_wconf 86' lang='lat' dir='ltr'><strong>papae</strong></span> <span class='ocrx_word' id='word_1_134' title='bbox 967 2577 1167 2640; x_wconf 85' lang='lat' dir='ltr'><strong>transmise-</strong></span> 
     </span>
     <span class='ocr_line' id='line_1_23' title="bbox 218 2670 1167 2753; baseline -0.002 -16"><span class='ocrx_word' id='word_1_135' title='bbox 218 2681 310 2750; x_wconf 92' lang='lat' dir='ltr'><strong>runt,</strong></span> <span class='ocrx_word' id='word_1_136' title='bbox 333 2673 538 2753; x_wconf 85' lang='lat' dir='ltr'><strong>magistrum</strong></span> <span class='ocrx_word' id='word_1_137' title='bbox 564 2670 772 2750; x_wconf 86' lang='lat' dir='ltr'><strong>Johannem,</strong></span> <span class='ocrx_word' id='word_1_138' title='bbox 800 2674 1089 2737; x_wconf 84' lang='lat' dir='ltr'><strong>Bedesordensem</strong></span> <span class='ocrx_word' id='word_1_139' title='bbox 1111 2693 1167 2736; x_wconf 93' lang='lat' dir='ltr'><strong>ar·</strong></span> 
     </span>
     <span class='ocr_line' id='line_1_24' title="bbox 218 2771 1168 2854; baseline -0.001 -18"><span class='ocrx_word' id='word_1_140' title='bbox 218 2772 469 2848; x_wconf 89' lang='lat' dir='ltr'><strong>chidiaconum,</strong></span> <span class='ocrx_word' id='word_1_141' title='bbox 494 2771 597 2853; x_wconf 88' lang='lat' dir='ltr'><strong>hujus</strong></span> <span class='ocrx_word' id='word_1_142' title='bbox 623 2772 753 2851; x_wconf 91' lang='lat' dir='ltr'><strong>negotii</strong></span> <span class='ocrx_word' id='word_1_143' title='bbox 779 2773 1030 2835; x_wconf 88' lang='lat' dir='ltr'><strong>constituentes</strong></span> <span class='ocrx_word' id='word_1_144' title='bbox 1050 2778 1168 2854; x_wconf 89' lang='lat' dir='ltr'><strong>patro·</strong></span> 
     </span>
     <span class='ocr_line' id='line_1_25' title="bbox 219 2869 1169 2952; baseline -0.002 -17"><span class='ocrx_word' id='word_1_145' title='bbox 219 2891 312 2935; x_wconf 89' lang='lat' dir='ltr'><strong>num.</strong></span> <span class='ocrx_word' id='word_1_146' title='bbox 366 2870 492 2934; x_wconf 90' lang='lat' dir='ltr'><strong>Nuntii</strong></span> <span class='ocrx_word' id='word_1_147' title='bbox 515 2870 655 2934; x_wconf 88' lang='lat' dir='ltr'><strong>tandem</strong></span> <span class='ocrx_word' id='word_1_148' title='bbox 675 2869 824 2934; x_wconf 90' lang='lat' dir='ltr'><strong>Romam</strong></span> <span class='ocrx_word' id='word_1_149' title='bbox 846 2871 1084 2952; x_wconf 90' lang='lat' dir='ltr'><strong>pervenientes</strong></span> <span class='ocrx_word' id='word_1_150' title='bbox 1107 2870 1169 2933; x_wconf 94' lang='lat' dir='ltr'><strong>do·</strong></span> 
     </span>
     <span class='ocr_line' id='line_1_26' title="bbox 219 2969 1169 3053; baseline -0.004 -18"><span class='ocrx_word' id='word_1_151' title='bbox 219 2973 313 3035; x_wconf 92' lang='lat' dir='ltr'><strong>mino</strong></span> <span class='ocrx_word' id='word_1_152' title='bbox 331 2990 433 3053; x_wconf 69' lang='lat' dir='ltr'><strong>papae</strong></span> <span class='ocrx_word' id='word_1_153' title='bbox 457 2970 549 3050; x_wconf 90' lang='lat' dir='ltr'><strong>regis</strong></span> <span class='ocrx_word' id='word_1_154' title='bbox 572 2976 607 3032; x_wconf 92' lang='lat' dir='ltr'><strong>et</strong></span> <span class='ocrx_word' id='word_1_155' title='bbox 626 2969 865 3051; x_wconf 92' lang='lat' dir='ltr'><strong>episcoporum</strong></span> <span class='ocrx_word' id='word_1_156' title='bbox 886 2969 1005 3032; x_wconf 87' lang='lat' dir='ltr'><strong>literas</strong></span> <span class='ocrx_word' id='word_1_157' title='bbox 1025 2988 1169 3052; x_wconf 87' lang='lat' dir='ltr'><strong>porrex-</strong></span> 
     </span>
     <span class='ocr_line' id='line_1_27' title="bbox 219 3068 1169 3151; baseline -0.003 -17"><span class='ocrx_word' id='word_1_158' title='bbox 219 3078 342 3148; x_wconf 84' lang='lat' dir='ltr'><strong>erunt3</strong></span> <span class='ocrx_word' id='word_1_159' title='bbox 366 3070 490 3151; x_wconf 89' lang='lat' dir='ltr'><strong>quibus</strong></span> <span class='ocrx_word' id='word_1_160' title='bbox 518 3087 610 3151; x_wconf 89' lang='lat' dir='ltr'><strong>papa</strong></span> <span class='ocrx_word' id='word_1_161' title='bbox 635 3069 819 3150; x_wconf 86' lang='lat' dir='ltr'><strong>diligenter</strong></span> <span class='ocrx_word' id='word_1_162' title='bbox 842 3069 1006 3150; x_wconf 87' lang='lat' dir='ltr'><strong>inspectis</strong></span> <span class='ocrx_word' id='word_1_163' title='bbox 1028 3068 1070 3132; x_wconf 92' lang='lat' dir='ltr'><strong>de</strong></span> <span class='ocrx_word' id='word_1_164' title='bbox 1087 3088 1169 3132; x_wconf 92' lang='lat' dir='ltr'><strong>con·</strong></span> 
     </span>
     <span class='ocr_line' id='line_1_28' title="bbox 219 3168 1169 3250; baseline -0.001 -17"><span class='ocrx_word' id='word_1_165' title='bbox 219 3169 296 3233; x_wconf 89' lang='lat' dir='ltr'><strong>silio</strong></span> <span class='ocrx_word' id='word_1_166' title='bbox 311 3168 537 3232; x_wconf 88' lang='lat' dir='ltr'><strong>cardinalium</strong></span> <span class='ocrx_word' id='word_1_167' title='bbox 552 3168 677 3231; x_wconf 87' lang='lat' dir='ltr'><strong>statuit</strong></span> <span class='ocrx_word' id='word_1_168' title='bbox 694 3169 850 3250; x_wconf 91' lang='lat' dir='ltr'><strong>partibus</strong></span> <span class='ocrx_word' id='word_1_169' title='bbox 860 3169 949 3232; x_wconf 91' lang='lat' dir='ltr'><strong>diem</strong></span> <span class='ocrx_word' id='word_1_170' title='bbox 966 3168 1001 3231; x_wconf 93' lang='lat' dir='ltr'><strong>in</strong></span> <span class='ocrx_word' id='word_1_171' title='bbox 1017 3169 1169 3232; x_wconf 89' lang='lat' dir='ltr'><strong>crastino</strong></span> 
     </span>
     <span class='ocr_line' id='line_1_29' title="bbox 220 3267 1170 3355; baseline -0.001 -23"><span class='ocrx_word' id='word_1_172' title='bbox 220 3267 395 3345; x_wconf 87' lang='lat' dir='ltr'><strong>cinerum,</strong></span> <span class='ocrx_word' id='word_1_173' title='bbox 413 3276 454 3331; x_wconf 89' lang='lat' dir='ltr'><strong>ut</strong></span> <span class='ocrx_word' id='word_1_174' title='bbox 473 3275 556 3330; x_wconf 92' lang='lat' dir='ltr'><strong>tuuc</strong></span> <span class='ocrx_word' id='word_1_175' title='bbox 578 3267 750 3330; x_wconf 89' lang='lat' dir='ltr'><strong>mediante</strong></span> <span class='ocrx_word' id='word_1_176' title='bbox 765 3268 905 3352; x_wconf 91' lang='lat' dir='ltr'><strong>justitia</strong></span> <span class='ocrx_word' id='word_1_177' title='bbox 928 3287 1069 3355; x_wconf 86' lang='lat' dir='ltr'><strong>causam</strong></span> <span class='ocrx_word' id='word_1_178' title='bbox 1092 3287 1170 3331; x_wconf 90' lang='lat' dir='ltr'><strong>sen-</strong></span> 
     </span>
     <span class='ocr_line' id='line_1_30' title="bbox 220 3364 1169 3451; baseline -0.002 -20"><span class='ocrx_word' id='word_1_179' title='bbox 220 3368 410 3432; x_wconf 88' lang='lat' dir='ltr'><strong>tentialiter</strong></span> <span class='ocrx_word' id='word_1_180' title='bbox 441 3364 613 3430; x_wconf 89' lang='lat' dir='ltr'><strong>diffiniret.</strong></span> <span class='ocrx_word' id='word_1_181' title='bbox 686 3366 817 3430; x_wconf 87' lang='lat' dir='ltr'><strong>Eodem</strong></span> <span class='ocrx_word' id='word_1_182' title='bbox 847 3387 938 3432; x_wconf 90' lang='lat' dir='ltr'><strong>anno</strong></span> <span class='ocrx_word' id='word_1_183' title='bbox 968 3388 1030 3451; x_wconf 91' lang='lat' dir='ltr'><strong>per</strong></span> <span class='ocrx_word' id='word_1_184' title='bbox 1060 3375 1169 3432; x_wconf 89' lang='lat' dir='ltr'><strong>totam</strong></span> 
     </span>
     <span class='ocr_line' id='line_1_31' title="bbox 220 3465 1169 3531; baseline -0.002 -1"><span class='ocrx_word' id='word_1_185' title='bbox 220 3474 377 3531; x_wconf 85' lang='lat' dir='ltr'><strong>aestatem</strong></span> <span class='ocrx_word' id='word_1_186' title='bbox 392 3466 486 3530; x_wconf 83' lang='lat' dir='ltr'><strong>sacta</strong></span> <span class='ocrx_word' id='word_1_187' title='bbox 503 3473 584 3529; x_wconf 92' lang='lat' dir='ltr'><strong>sunt</strong></span> <span class='ocrx_word' id='word_1_188' title='bbox 599 3465 752 3529; x_wconf 90' lang='lat' dir='ltr'><strong>tonitrua</strong></span> <span class='ocrx_word' id='word_1_189' title='bbox 768 3474 804 3530; x_wconf 90' lang='lat' dir='ltr'><strong>et</strong></span> <span class='ocrx_word' id='word_1_190' title='bbox 820 3469 1075 3530; x_wconf 90' lang='lat' dir='ltr'><strong>coruscationes</strong></span> <span class='ocrx_word' id='word_1_191' title='bbox 1092 3466 1169 3531; x_wconf 90' lang='lat' dir='ltr'><strong>hor·</strong></span> 
     </span>
     <span class='ocr_line' id='line_1_32' title="bbox 220 3564 1169 3648; baseline -0.002 -20"><span class='ocrx_word' id='word_1_192' title='bbox 220 3565 348 3641; x_wconf 75' lang='lat' dir='ltr'><strong>ubiles,</strong></span> <span class='ocrx_word' id='word_1_193' title='bbox 372 3585 450 3648; x_wconf 89' lang='lat' dir='ltr'><strong>quae</strong></span> <span class='ocrx_word' id='word_1_194' title='bbox 466 3564 613 3629; x_wconf 86' lang='lat' dir='ltr'><strong>aedificia</strong></span> <span class='ocrx_word' id='word_1_195' title='bbox 630 3565 740 3628; x_wconf 91' lang='lat' dir='ltr'><strong>multa</strong></span> <span class='ocrx_word' id='word_1_196' title='bbox 756 3566 1006 3629; x_wconf 91' lang='lat' dir='ltr'><strong>succenderunt</strong></span> <span class='ocrx_word' id='word_1_197' title='bbox 1024 3566 1061 3627; x_wconf 94' lang='lat' dir='ltr'><strong>in</strong></span> <span class='ocrx_word' id='word_1_198' title='bbox 1084 3564 1169 3628; x_wconf 91' lang='lat' dir='ltr'><strong>locis</strong></span> 
     </span>
     <span class='ocr_line' id='line_1_33' title="bbox 220 3663 1169 3746; baseline -0.004 -18"><span class='ocrx_word' id='word_1_199' title='bbox 220 3664 376 3740; x_wconf 90' lang='lat' dir='ltr'><strong>diversis,</strong></span> <span class='ocrx_word' id='word_1_200' title='bbox 391 3663 546 3728; x_wconf 89' lang='lat' dir='ltr'><strong>homines</strong></span> <span class='ocrx_word' id='word_1_201' title='bbox 564 3672 599 3727; x_wconf 90' lang='lat' dir='ltr'><strong>et</strong></span> <span class='ocrx_word' id='word_1_202' title='bbox 614 3663 777 3727; x_wconf 91' lang='lat' dir='ltr'><strong>animalia</strong></span> <span class='ocrx_word' id='word_1_203' title='bbox 790 3670 1022 3746; x_wconf 90' lang='lat' dir='ltr'><strong>peremerunt;</strong></span> <span class='ocrx_word' id='word_1_204' title='bbox 1039 3670 1074 3725; x_wconf 90' lang='lat' dir='ltr'><strong>et</strong></span> <span class='ocrx_word' id='word_1_205' title='bbox 1088 3664 1169 3725; x_wconf 90' lang='lat' dir='ltr'><strong>sub-</strong></span> 
     </span>
     <span class='ocr_line' id='line_1_34' title="bbox 219 3761 1171 3846; baseline -0.004 -19"><span class='ocrx_word' id='word_1_206' title='bbox 219 3772 347 3827; x_wconf 85' lang='lat' dir='ltr'><strong>secutae</strong></span> <span class='ocrx_word' id='word_1_207' title='bbox 366 3771 447 3827; x_wconf 90' lang='lat' dir='ltr'><strong>sunt</strong></span> <span class='ocrx_word' id='word_1_208' title='bbox 465 3764 501 3826; x_wconf 94' lang='lat' dir='ltr'><strong>in</strong></span> <span class='ocrx_word' id='word_1_209' title='bbox 523 3773 689 3827; x_wconf 89' lang='lat' dir='ltr'><strong>autumno</strong></span> <span class='ocrx_word' id='word_1_210' title='bbox 712 3770 877 3845; x_wconf 89' lang='lat' dir='ltr'><strong>sequente</strong></span> <span class='ocrx_word' id='word_1_211' title='bbox 899 3762 1094 3846; x_wconf 85' lang='lat' dir='ltr'><strong>pluviarum</strong></span> <span class='ocrx_word' id='word_1_212' title='bbox 1118 3761 1171 3823; x_wconf 91' lang='lat' dir='ltr'><strong>in-</strong></span> 
     </span>
     <span class='ocr_line' id='line_1_35' title="bbox 220 3860 1170 3945; baseline -0.003 -19"><span class='ocrx_word' id='word_1_213' title='bbox 220 3863 425 3926; x_wconf 90' lang='lat' dir='ltr'><strong>undationes</strong></span> <span class='ocrx_word' id='word_1_214' title='bbox 446 3862 607 3939; x_wconf 88' lang='lat' dir='ltr'><strong>assiduae,</strong></span> <span class='ocrx_word' id='word_1_215' title='bbox 629 3882 707 3945; x_wconf 89' lang='lat' dir='ltr'><strong>quae</strong></span> <span class='ocrx_word' id='word_1_216' title='bbox 733 3862 768 3925; x_wconf 93' lang='lat' dir='ltr'><strong>in</strong></span> <span class='ocrx_word' id='word_1_217' title='bbox 788 3863 945 3942; x_wconf 86' lang='lat' dir='ltr'><strong>frugibus</strong></span> <span class='ocrx_word' id='word_1_218' title='bbox 968 3860 1170 3943; x_wconf 86' lang='lat' dir='ltr'><strong>colligendis</strong></span> 
     </span>
     <span class='ocr_line' id='line_1_36' title="bbox 220 3947 1204 4026; baseline -0.003 -1"><span class='ocrx_word' id='word_1_219' title='bbox 220 3961 346 4025; x_wconf 89' lang='lat' dir='ltr'><strong>damna</strong></span> <span class='ocrx_word' id='word_1_220' title='bbox 361 3982 429 4026; x_wconf 93' lang='lat' dir='ltr'><strong>non</strong></span> <span class='ocrx_word' id='word_1_221' title='bbox 444 3961 580 4026; x_wconf 93' lang='lat' dir='ltr'><strong>modica</strong></span> <span class='ocrx_word' id='word_1_222' title='bbox 595 3962 785 4026; x_wconf 91' lang='lat' dir='ltr'><strong>cultoribus</strong></span> <span class='ocrx_word' id='word_1_223' title='bbox 802 3961 1006 4025; x_wconf 89' lang='lat' dir='ltr'><strong>intulerunt.</strong></span> <span class='ocrx_word' id='word_1_224' title='bbox 1200 3947 1204 3954; x_wconf 63' lang='grc'><strong><em>’</em></strong></span> 
     </span>
    </p>
   </div>
   <div class='ocr_carea' id='block_1_3' title="bbox 0 0 1506 4996">
    <p class='ocr_par' dir='ltr' id='par_1_3' title="bbox 0 0 1506 4996">
     <span class='ocr_line' id='line_1_37' title="bbox 0 0 1506 4996; baseline 0 0"><span class='ocrx_word' id='word_1_225' title='bbox 0 0 1506 4996; x_wconf 95' lang='lat' dir='ltr'><strong> </strong></span> 
     </span>
    </p>
   </div>
  </div>
 </body>
</html>
