<?xml version="1.0" encoding="UTF-8"?>
<!DOCTYPE html PUBLIC "-//W3C//DTD XHTML 1.0 Transitional//EN"
    "http://www.w3.org/TR/xhtml1/DTD/xhtml1-transitional.dtd">
<html xmlns="http://www.w3.org/1999/xhtml" xml:lang="en" lang="en">
 <head>
  <title>
</title>
<meta http-equiv="Content-Type" content="text/html;charset=utf-8" />
  <meta name='ocr-system' content='tesseract 3.04.00' />
  <meta name='ocr-capabilities' content='ocr_page ocr_carea ocr_par ocr_line ocrx_word'/>
</head>
<body>
  <div class='ocr_page' id='page_1' title='image "./rogeridewendove02rogegoog_0204.png"; bbox 0 0 2978 4996; ppageno 0'>
   <div class='ocr_carea' id='block_1_1' title="bbox 473 427 1166 491">
    <p class='ocr_par' dir='ltr' id='par_1_1' title="bbox 473 427 1166 491">
     <span class='ocr_line' id='line_1_1' title="bbox 473 427 1166 491; baseline 0.003 -2"><span class='ocrx_word' id='word_1_1' title='bbox 473 441 611 490; x_wconf 76' lang='lat' dir='ltr'><strong>rannus</strong></span> <span class='ocrx_word' id='word_1_2' title='bbox 635 441 906 491; x_wconf 78' lang='lat' dir='ltr'><strong>ureronmauu.</strong></span> <span class='ocrx_word' id='word_1_3' title='bbox 1101 427 1166 491; x_wconf 84' lang='lat'><strong>193</strong></span> 
     </span>
    </p>
   </div>
   <div class='ocr_carea' id='block_1_2' title="bbox 210 598 1298 782">
    <p class='ocr_par' dir='ltr' id='par_1_2' title="bbox 210 598 1298 782">
     <span class='ocr_line' id='line_1_2' title="bbox 210 598 1298 683; baseline 0.003 -21"><span class='ocrx_word' id='word_1_4' title='bbox 210 598 381 662; x_wconf 87' lang='lat' dir='ltr'>Dominus</span> <span class='ocrx_word' id='word_1_5' title='bbox 408 599 625 681; x_wconf 89' lang='lat' dir='ltr'><strong>omnipotens</strong></span> <span class='ocrx_word' id='word_1_6' title='bbox 648 599 691 663; x_wconf 90' lang='lat' dir='ltr'><strong>de</strong></span> <span class='ocrx_word' id='word_1_7' title='bbox 717 598 841 662; x_wconf 82' lang='lat' dir='ltr'>throno</span> <span class='ocrx_word' id='word_1_8' title='bbox 869 599 1064 683; x_wconf 85' lang='lat' dir='ltr'><strong>majestatis</strong></span> <span class='ocrx_word' id='word_1_9' title='bbox 1090 618 1298 665; x_wconf 55' lang='lat' dir='ltr'><strong>succensae</strong></span> 
     </span>
     <span class='ocr_line' id='line_1_3' title="bbox 211 697 1163 782; baseline 0.004 -22"><span class='ocrx_word' id='word_1_10' title='bbox 211 718 274 762; x_wconf 90' lang='lat' dir='ltr'><strong>nos</strong></span> <span class='ocrx_word' id='word_1_11' title='bbox 293 697 486 761; x_wconf 90' lang='lat' dir='ltr'><strong>habendam</strong></span> <span class='ocrx_word' id='word_1_12' title='bbox 510 698 704 779; x_wconf 77' lang='lat' dir='ltr'><strong>praevidens</strong></span> <span class='ocrx_word' id='word_1_13' title='bbox 727 698 770 761; x_wconf 93' lang='lat' dir='ltr'><strong>de</strong></span> <span class='ocrx_word' id='word_1_14' title='bbox 792 698 936 779; x_wconf 91' lang='lat' dir='ltr'><strong>speciali</strong></span> <span class='ocrx_word' id='word_1_15' title='bbox 961 700 1075 779; x_wconf 86' lang='lat' dir='ltr'><strong>gratia</strong></span> <span class='ocrx_word' id='word_1_16' title='bbox 1090 702 1163 782; x_wconf 93' lang='lat' dir='ltr'><strong>pie-</strong></span> 
     </span>
    </p>
   </div>
   <div class='ocr_carea' id='block_1_3' title="bbox 210 797 1165 3830">
    <p class='ocr_par' dir='ltr' id='par_1_3' title="bbox 210 797 1165 3830">
     <span class='ocr_line' id='line_1_4' title="bbox 210 797 1162 878; baseline 0.003 -18"><span class='ocrx_word' id='word_1_17' title='bbox 210 798 294 861; x_wconf 89' lang='lat' dir='ltr'><strong>tatis</strong></span> <span class='ocrx_word' id='word_1_18' title='bbox 310 817 383 860; x_wconf 84' lang='lat' dir='ltr'><strong>suae</strong></span> <span class='ocrx_word' id='word_1_19' title='bbox 396 798 487 860; x_wconf 92' lang='lat' dir='ltr'><strong>inter</strong></span> <span class='ocrx_word' id='word_1_20' title='bbox 503 798 594 860; x_wconf 89' lang='lat' dir='ltr'><strong>orbis</strong></span> <span class='ocrx_word' id='word_1_21' title='bbox 612 797 784 878; x_wconf 91' lang='lat' dir='ltr'><strong>principes</strong></span> <span class='ocrx_word' id='word_1_22' title='bbox 803 815 866 860; x_wconf 90' lang='lat' dir='ltr'><strong>nos</strong></span> <span class='ocrx_word' id='word_1_23' title='bbox 883 797 1087 861; x_wconf 90' lang='lat' dir='ltr'><strong>mirabiliter</strong></span> <span class='ocrx_word' id='word_1_24' title='bbox 1103 820 1162 863; x_wconf 83' lang='lat' dir='ltr'><strong>ex-</strong></span> 
     </span>
     <span class='ocr_line' id='line_1_5' title="bbox 210 896 1162 978; baseline 0.002 -19"><span class='ocrx_word' id='word_1_25' title='bbox 210 896 348 971; x_wconf 86' lang='lat' dir='ltr'><strong>altavit,</strong></span> <span class='ocrx_word' id='word_1_26' title='bbox 363 903 403 958; x_wconf 90' lang='lat' dir='ltr'><strong>ut</strong></span> <span class='ocrx_word' id='word_1_27' title='bbox 419 897 469 958; x_wconf 90' lang='lat' dir='ltr'><strong>sic</strong></span> <span class='ocrx_word' id='word_1_28' title='bbox 490 898 778 978; x_wconf 82' lang='lat' dir='ltr'><strong>prosequentibus</strong></span> <span class='ocrx_word' id='word_1_29' title='bbox 804 896 901 958; x_wconf 91' lang='lat' dir='ltr'><strong>nobis</strong></span> <span class='ocrx_word' id='word_1_30' title='bbox 920 903 1028 959; x_wconf 83' lang='lat' dir='ltr'><strong>tantae</strong></span> <span class='ocrx_word' id='word_1_31' title='bbox 1050 896 1162 978; x_wconf 86' lang='lat' dir='ltr'><strong>digni·</strong></span> 
     </span>
     <span class='ocr_line' id='line_1_6' title="bbox 212 994 1161 1077; baseline 0.002 -19"><span class='ocrx_word' id='word_1_32' title='bbox 212 996 295 1058; x_wconf 89' lang='lat' dir='ltr'><strong>tatis</strong></span> <span class='ocrx_word' id='word_1_33' title='bbox 312 994 512 1076; x_wconf 91' lang='lat' dir='ltr'><strong>tripudium,</strong></span> <span class='ocrx_word' id='word_1_34' title='bbox 536 1015 614 1077; x_wconf 84' lang='lat' dir='ltr'><strong>quae</strong></span> <span class='ocrx_word' id='word_1_35' title='bbox 640 995 740 1057; x_wconf 88' lang='lat' dir='ltr'><strong>nobis</strong></span> <span class='ocrx_word' id='word_1_36' title='bbox 763 995 927 1076; x_wconf 91' lang='lat' dir='ltr'><strong>competit</strong></span> <span class='ocrx_word' id='word_1_37' title='bbox 946 995 1027 1077; x_wconf 91' lang='lat' dir='ltr'><strong>jure</strong></span> <span class='ocrx_word' id='word_1_38' title='bbox 1050 999 1161 1076; x_wconf 83' lang='lat' dir='ltr'><strong>regni,</strong></span> 
     </span>
     <span class='ocr_line' id='line_1_7' title="bbox 212 1094 1160 1177; baseline 0.005 -23"><span class='ocrx_word' id='word_1_39' title='bbox 212 1094 324 1174; x_wconf 85' lang='lat' dir='ltr'><strong>magis</strong></span> <span class='ocrx_word' id='word_1_40' title='bbox 356 1113 397 1157; x_wconf 89' lang='lat' dir='ltr'><strong>ac</strong></span> <span class='ocrx_word' id='word_1_41' title='bbox 426 1095 538 1175; x_wconf 86' lang='lat' dir='ltr'><strong>magis</strong></span> <span class='ocrx_word' id='word_1_42' title='bbox 569 1094 741 1157; x_wconf 92' lang='lat' dir='ltr'><strong>notorium</strong></span> <span class='ocrx_word' id='word_1_43' title='bbox 776 1094 945 1156; x_wconf 85' lang='lat' dir='ltr'><strong>universis</strong></span> <span class='ocrx_word' id='word_1_44' title='bbox 983 1104 1160 1177; x_wconf 84' lang='lat' dir='ltr'>appareat,</span> 
     </span>
     <span class='ocr_line' id='line_1_8' title="bbox 212 1191 1161 1273; baseline 0.002 -17"><span class='ocrx_word' id='word_1_45' title='bbox 212 1191 304 1273; x_wconf 92' lang='lat' dir='ltr'><strong>quod</strong></span> <span class='ocrx_word' id='word_1_46' title='bbox 333 1211 455 1255; x_wconf 90' lang='lat' dir='ltr'><strong>manus</strong></span> <span class='ocrx_word' id='word_1_47' title='bbox 483 1193 624 1256; x_wconf 87' lang='lat' dir='ltr'><strong>Domini</strong></span> <span class='ocrx_word' id='word_1_48' title='bbox 646 1192 727 1256; x_wconf 86' lang='lat' dir='ltr'><strong>fecit</strong></span> <span class='ocrx_word' id='word_1_49' title='bbox 747 1192 820 1255; x_wconf 84' lang='lat' dir='ltr'><strong>haec</strong></span> <span class='ocrx_word' id='word_1_50' title='bbox 847 1193 984 1271; x_wconf 81' lang='lat' dir='ltr'><strong>omnia3</strong></span> <span class='ocrx_word' id='word_1_51' title='bbox 1014 1202 1060 1271; x_wconf 92' lang='lat' dir='ltr'><strong>et,</strong></span> <span class='ocrx_word' id='word_1_52' title='bbox 1083 1214 1161 1258; x_wconf 93' lang='lat' dir='ltr'><strong>cum</strong></span> 
     </span>
     <span class='ocr_line' id='line_1_9' title="bbox 212 1291 1162 1377; baseline 0.002 -23"><span class='ocrx_word' id='word_1_53' title='bbox 212 1291 449 1356; x_wconf 78' lang='lat' dir='ltr'><strong>miserationes</strong></span> <span class='ocrx_word' id='word_1_54' title='bbox 473 1292 548 1374; x_wconf 90' lang='lat' dir='ltr'><strong>ejus</strong></span> <span class='ocrx_word' id='word_1_55' title='bbox 577 1311 682 1373; x_wconf 90' lang='lat' dir='ltr'><strong>super</strong></span> <span class='ocrx_word' id='word_1_56' title='bbox 706 1293 822 1355; x_wconf 90' lang='lat' dir='ltr'><strong>omnia</strong></span> <span class='ocrx_word' id='word_1_57' title='bbox 844 1310 950 1373; x_wconf 92' lang='lat' dir='ltr'><strong>opera</strong></span> <span class='ocrx_word' id='word_1_58' title='bbox 978 1293 1049 1355; x_wconf 87' lang='lat' dir='ltr'><strong>sint</strong></span> <span class='ocrx_word' id='word_1_59' title='bbox 1069 1294 1162 1377; x_wconf 85' lang='lat' dir='ltr'><strong>ejus·</strong></span> 
     </span>
     <span class='ocr_line' id='line_1_10' title="bbox 213 1390 1162 1471; baseline 0.003 -19"><span class='ocrx_word' id='word_1_60' title='bbox 213 1390 304 1467; x_wconf 89' lang='lat' dir='ltr'><strong>dem,</strong></span> <span class='ocrx_word' id='word_1_61' title='bbox 340 1398 553 1471; x_wconf 81' lang='lat' dir='ltr'><strong>cognoscant</strong></span> <span class='ocrx_word' id='word_1_62' title='bbox 585 1390 788 1455; x_wconf 82' lang='lat' dir='ltr'><strong>orthodoxae</strong></span> <span class='ocrx_word' id='word_1_63' title='bbox 822 1391 900 1453; x_wconf 91' lang='lat' dir='ltr'><strong>fidei</strong></span> <span class='ocrx_word' id='word_1_64' title='bbox 933 1391 1083 1454; x_wconf 87' lang='lat' dir='ltr'><strong>cultores</strong></span> <span class='ocrx_word' id='word_1_65' title='bbox 1120 1393 1162 1455; x_wconf 93' lang='lat' dir='ltr'><strong>de</strong></span> 
     </span>
     <span class='ocr_line' id='line_1_11' title="bbox 213 1489 1162 1571; baseline 0.002 -19"><span class='ocrx_word' id='word_1_66' title='bbox 213 1496 352 1565; x_wconf 83' lang='lat' dir='ltr'><strong>caetero,</strong></span> <span class='ocrx_word' id='word_1_67' title='bbox 385 1497 420 1552; x_wconf 91' lang='lat' dir='ltr'><strong>et</strong></span> <span class='ocrx_word' id='word_1_68' title='bbox 446 1497 607 1553; x_wconf 89' lang='lat' dir='ltr'><strong>enarrent</strong></span> <span class='ocrx_word' id='word_1_69' title='bbox 637 1489 739 1570; x_wconf 86' lang='lat' dir='ltr'><strong>longe</strong></span> <span class='ocrx_word' id='word_1_70' title='bbox 769 1489 908 1571; x_wconf 86' lang='lat' dir='ltr'><strong>lateque</strong></span> <span class='ocrx_word' id='word_1_71' title='bbox 944 1508 1005 1571; x_wconf 91' lang='lat' dir='ltr'><strong>per</strong></span> <span class='ocrx_word' id='word_1_72' title='bbox 1033 1491 1162 1568; x_wconf 89' lang='lat' dir='ltr'><strong>orbem,</strong></span> 
     </span>
     <span class='ocr_line' id='line_1_12' title="bbox 214 1588 1163 1669; baseline 0.003 -18"><span class='ocrx_word' id='word_1_73' title='bbox 214 1588 305 1668; x_wconf 92' lang='lat' dir='ltr'><strong>quod</strong></span> <span class='ocrx_word' id='word_1_74' title='bbox 323 1588 401 1664; x_wconf 91' lang='lat' dir='ltr'><strong>Ille,</strong></span> <span class='ocrx_word' id='word_1_75' title='bbox 423 1589 482 1669; x_wconf 91' lang='lat' dir='ltr'><strong>qui</strong></span> <span class='ocrx_word' id='word_1_76' title='bbox 508 1589 777 1652; x_wconf 89' lang='lat' dir='ltr'><strong>estbenedictus</strong></span> <span class='ocrx_word' id='word_1_77' title='bbox 798 1589 833 1650; x_wconf 92' lang='lat' dir='ltr'><strong>in</strong></span> <span class='ocrx_word' id='word_1_78' title='bbox 857 1589 987 1664; x_wconf 88' lang='lat' dir='ltr'><strong>secula,</strong></span> <span class='ocrx_word' id='word_1_79' title='bbox 1006 1591 1163 1668; x_wconf 89' lang='lat' dir='ltr'><strong>visitavit</strong></span> 
     </span>
     <span class='ocr_line' id='line_1_13' title="bbox 214 1686 1162 1768; baseline 0.001 -20"><span class='ocrx_word' id='word_1_80' title='bbox 214 1692 251 1749; x_wconf 90' lang='lat' dir='ltr'><strong>et</strong></span> <span class='ocrx_word' id='word_1_81' title='bbox 264 1686 345 1750; x_wconf 87' lang='lat' dir='ltr'><strong>lecit</strong></span> <span class='ocrx_word' id='word_1_82' title='bbox 363 1686 631 1768; x_wconf 89' lang='lat' dir='ltr'><strong>redemptionem</strong></span> <span class='ocrx_word' id='word_1_83' title='bbox 656 1687 748 1768; x_wconf 89' lang='lat' dir='ltr'><strong>plebi</strong></span> <span class='ocrx_word' id='word_1_84' title='bbox 772 1706 858 1762; x_wconf 87' lang='lat' dir='ltr'><strong>suae,</strong></span> <span class='ocrx_word' id='word_1_85' title='bbox 880 1695 914 1750; x_wconf 89' lang='lat' dir='ltr'><strong>et</strong></span> <span class='ocrx_word' id='word_1_86' title='bbox 930 1689 1041 1752; x_wconf 79' lang='lat' dir='ltr'><strong>erexit</strong></span> <span class='ocrx_word' id='word_1_87' title='bbox 1064 1689 1162 1752; x_wconf 90' lang='lat' dir='ltr'><strong>nobis</strong></span> 
     </span>
     <span class='ocr_line' id='line_1_14' title="bbox 213 1785 1163 1866; baseline 0.001 -17"><span class='ocrx_word' id='word_1_88' title='bbox 213 1804 322 1849; x_wconf 90' lang='lat' dir='ltr'><strong>cornu</strong></span> <span class='ocrx_word' id='word_1_89' title='bbox 346 1786 469 1849; x_wconf 88' lang='lat' dir='ltr'><strong>salutis</strong></span> <span class='ocrx_word' id='word_1_90' title='bbox 495 1787 531 1848; x_wconf 91' lang='lat' dir='ltr'><strong>in</strong></span> <span class='ocrx_word' id='word_1_91' title='bbox 554 1785 655 1850; x_wconf 94' lang='lat' dir='ltr'><strong>domo</strong></span> <span class='ocrx_word' id='word_1_92' title='bbox 681 1785 796 1848; x_wconf 89' lang='lat' dir='ltr'><strong>David</strong></span> <span class='ocrx_word' id='word_1_93' title='bbox 820 1785 917 1866; x_wconf 90' lang='lat' dir='ltr'><strong>pueri</strong></span> <span class='ocrx_word' id='word_1_94' title='bbox 940 1787 1006 1849; x_wconf 91' lang='lat' dir='ltr'><strong>sni.</strong></span> <span class='ocrx_word' id='word_1_95' title='bbox 1059 1786 1163 1863; x_wconf 92' lang='lat' dir='ltr'><strong>Sane,</strong></span> 
     </span>
     <span class='ocr_line' id='line_1_15' title="bbox 212 1883 1163 1967; baseline -0.001 -19"><span class='ocrx_word' id='word_1_96' title='bbox 212 1885 415 1967; x_wconf 85' lang='lat' dir='ltr'><strong>prinsquam</strong></span> <span class='ocrx_word' id='word_1_97' title='bbox 439 1883 482 1947; x_wconf 89' lang='lat' dir='ltr'><strong>de</strong></span> <span class='ocrx_word' id='word_1_98' title='bbox 504 1885 648 1948; x_wconf 87' lang='lat' dir='ltr'><strong>civitate</strong></span> <span class='ocrx_word' id='word_1_99' title='bbox 671 1883 871 1947; x_wconf 86' lang='lat' dir='ltr'>recedamus</span> <span class='ocrx_word' id='word_1_100' title='bbox 891 1891 1013 1947; x_wconf 91' lang='lat' dir='ltr'><strong>sancta</strong></span> <span class='ocrx_word' id='word_1_101' title='bbox 1034 1884 1163 1948; x_wconf 89' lang='lat' dir='ltr'><strong>Hieru-</strong></span> 
     </span>
     <span class='ocr_line' id='line_1_16' title="bbox 213 1982 1162 2064; baseline -0.002 -17"><span class='ocrx_word' id='word_1_102' title='bbox 213 1983 334 2060; x_wconf 80' lang='lat' dir='ltr'><strong>salem,</strong></span> <span class='ocrx_word' id='word_1_103' title='bbox 352 1984 395 2046; x_wconf 89' lang='lat' dir='ltr'><strong>de</strong></span> <span class='ocrx_word' id='word_1_104' title='bbox 411 1983 595 2064; x_wconf 86' lang='lat' dir='ltr'><strong>magnifica</strong></span> <span class='ocrx_word' id='word_1_105' title='bbox 608 1983 874 2047; x_wconf 85' lang='lat' dir='ltr'><strong>reaedificatione</strong></span> <span class='ocrx_word' id='word_1_106' title='bbox 892 1982 1001 2063; x_wconf 88' lang='lat' dir='ltr'><strong>ipsius</strong></span> <span class='ocrx_word' id='word_1_107' title='bbox 1019 1985 1162 2046; x_wconf 90' lang='lat' dir='ltr'><strong>turrium</strong></span> 
     </span>
     <span class='ocr_line' id='line_1_17' title="bbox 212 2082 1164 2164; baseline -0.001 -19"><span class='ocrx_word' id='word_1_108' title='bbox 212 2100 255 2145; x_wconf 90' lang='lat' dir='ltr'><strong>ac</strong></span> <span class='ocrx_word' id='word_1_109' title='bbox 283 2102 457 2146; x_wconf 87' lang='lat' dir='ltr'><strong>murorum</strong></span> <span class='ocrx_word' id='word_1_110' title='bbox 484 2102 623 2145; x_wconf 87' lang='lat' dir='ltr'><strong>suorum</strong></span> <span class='ocrx_word' id='word_1_111' title='bbox 651 2083 768 2145; x_wconf 88' lang='lat' dir='ltr'><strong>taliter</strong></span> <span class='ocrx_word' id='word_1_112' title='bbox 791 2082 952 2144; x_wconf 90' lang='lat' dir='ltr'><strong>ordinare</strong></span> <span class='ocrx_word' id='word_1_113' title='bbox 981 2083 1164 2164; x_wconf 90' lang='lat' dir='ltr'><strong>proposui·</strong></span> 
     </span>
     <span class='ocr_line' id='line_1_18' title="bbox 213 2179 1163 2263; baseline -0.002 -19"><span class='ocrx_word' id='word_1_114' title='bbox 213 2200 304 2258; x_wconf 90' lang='lat' dir='ltr'><strong>mus,</strong></span> <span class='ocrx_word' id='word_1_115' title='bbox 330 2190 365 2245; x_wconf 91' lang='lat' dir='ltr'><strong>et</strong></span> <span class='ocrx_word' id='word_1_116' title='bbox 384 2183 435 2246; x_wconf 90' lang='lat' dir='ltr'><strong>ita</strong></span> <span class='ocrx_word' id='word_1_117' title='bbox 463 2201 567 2263; x_wconf 89' lang='lat' dir='ltr'><strong>super</strong></span> <span class='ocrx_word' id='word_1_118' title='bbox 596 2181 670 2245; x_wconf 89' lang='lat' dir='ltr'><strong>haec</strong></span> <span class='ocrx_word' id='word_1_119' title='bbox 700 2180 877 2244; x_wconf 89' lang='lat' dir='ltr'><strong>intendere</strong></span> <span class='ocrx_word' id='word_1_120' title='bbox 903 2179 1062 2243; x_wconf 86' lang='lat' dir='ltr'><strong>volumus</strong></span> <span class='ocrx_word' id='word_1_121' title='bbox 1086 2180 1163 2243; x_wconf 91' lang='lat' dir='ltr'><strong>dili·</strong></span> 
     </span>
     <span class='ocr_line' id='line_1_19' title="bbox 214 2279 1163 2363; baseline -0.002 -20"><span class='ocrx_word' id='word_1_122' title='bbox 214 2287 350 2361; x_wconf 78' lang='lat' dir='ltr'><strong>genter,</strong></span> <span class='ocrx_word' id='word_1_123' title='bbox 373 2280 466 2363; x_wconf 88' lang='lat' dir='ltr'><strong>quod</strong></span> <span class='ocrx_word' id='word_1_124' title='bbox 488 2300 556 2344; x_wconf 91' lang='lat' dir='ltr'><strong>non</strong></span> <span class='ocrx_word' id='word_1_125' title='bbox 581 2281 692 2342; x_wconf 90' lang='lat' dir='ltr'><strong>minor</strong></span> <span class='ocrx_word' id='word_1_126' title='bbox 716 2279 912 2344; x_wconf 90' lang='lat' dir='ltr'><strong>sollicitudo</strong></span> <span class='ocrx_word' id='word_1_127' title='bbox 932 2298 995 2342; x_wconf 92' lang='lat' dir='ltr'><strong>nec</strong></span> <span class='ocrx_word' id='word_1_128' title='bbox 1017 2280 1163 2360; x_wconf 78' lang='lat' dir='ltr'><strong>diligen-</strong></span> 
     </span>
     <span class='ocr_line' id='line_1_20' title="bbox 214 2377 1163 2461; baseline -0.001 -18"><span class='ocrx_word' id='word_1_129' title='bbox 214 2379 265 2443; x_wconf 88' lang='lat' dir='ltr'><strong>tia</strong></span> <span class='ocrx_word' id='word_1_130' title='bbox 291 2380 328 2442; x_wconf 93' lang='lat' dir='ltr'><strong>in</strong></span> <span class='ocrx_word' id='word_1_131' title='bbox 358 2380 515 2442; x_wconf 89' lang='lat' dir='ltr'><strong>absentia</strong></span> <span class='ocrx_word' id='word_1_132' title='bbox 544 2386 664 2442; x_wconf 88' lang='lat' dir='ltr'><strong>nostra</strong></span> <span class='ocrx_word' id='word_1_133' title='bbox 689 2377 857 2442; x_wconf 91' lang='lat' dir='ltr'><strong>habeatur</strong></span> <span class='ocrx_word' id='word_1_134' title='bbox 883 2378 974 2454; x_wconf 90' lang='lat' dir='ltr'><strong>inde,</strong></span> <span class='ocrx_word' id='word_1_135' title='bbox 1001 2398 1104 2461; x_wconf 89' lang='lat' dir='ltr'><strong>quam</strong></span> <span class='ocrx_word' id='word_1_136' title='bbox 1134 2380 1163 2442; x_wconf 92' lang='lat' dir='ltr'><strong>si</strong></span> 
     </span>
     <span class='ocr_line' id='line_1_21' title="bbox 214 2477 1162 2560; baseline -0.001 -19"><span class='ocrx_word' id='word_1_137' title='bbox 214 2477 442 2560; x_wconf 81' lang='lat' dir='ltr'><strong>personaliter</strong></span> <span class='ocrx_word' id='word_1_138' title='bbox 469 2496 575 2559; x_wconf 89' lang='lat' dir='ltr'><strong>super</strong></span> <span class='ocrx_word' id='word_1_139' title='bbox 597 2477 661 2541; x_wconf 93' lang='lat' dir='ltr'><strong>hoc</strong></span> <span class='ocrx_word' id='word_1_140' title='bbox 687 2478 754 2558; x_wconf 90' lang='lat' dir='ltr'><strong>ipsi</strong></span> <span class='ocrx_word' id='word_1_141' title='bbox 785 2496 937 2541; x_wconf 85' lang='lat' dir='ltr'><strong>essemus</strong></span> <span class='ocrx_word' id='word_1_142' title='bbox 961 2485 1162 2558; x_wconf 88' lang='lat' dir='ltr'><strong>praesentes.</strong></span> 
     </span>
     <span class='ocr_line' id='line_1_22' title="bbox 215 2576 1165 2658; baseline -0.002 -17"><span class='ocrx_word' id='word_1_143' title='bbox 215 2576 268 2641; x_wconf 89' lang='lat' dir='ltr'><strong>Ut</strong></span> <span class='ocrx_word' id='word_1_144' title='bbox 288 2585 405 2641; x_wconf 91' lang='lat' dir='ltr'><strong>antem</strong></span> <span class='ocrx_word' id='word_1_145' title='bbox 432 2576 505 2640; x_wconf 88' lang='lat' dir='ltr'><strong>haec</strong></span> <span class='ocrx_word' id='word_1_146' title='bbox 531 2595 684 2658; x_wconf 71' lang='lat' dir='ltr'><strong>praesens</strong></span> <span class='ocrx_word' id='word_1_147' title='bbox 710 2583 830 2640; x_wconf 88' lang='lat' dir='ltr'><strong>nostra</strong></span> <span class='ocrx_word' id='word_1_148' title='bbox 855 2576 1003 2656; x_wconf 91' lang='lat' dir='ltr'><strong>epistola</strong></span> <span class='ocrx_word' id='word_1_149' title='bbox 1028 2577 1165 2639; x_wconf 87' lang='lat' dir='ltr'><strong>exulta-</strong></span> 
     </span>
     <span class='ocr_line' id='line_1_23' title="bbox 215 2673 1163 2757; baseline -0.003 -18"><span class='ocrx_word' id='word_1_150' title='bbox 215 2676 311 2740; x_wconf 89' lang='lat' dir='ltr'><strong>tione</strong></span> <span class='ocrx_word' id='word_1_151' title='bbox 341 2676 388 2739; x_wconf 88' lang='lat' dir='ltr'><strong>sit</strong></span> <span class='ocrx_word' id='word_1_152' title='bbox 416 2675 521 2756; x_wconf 90' lang='lat' dir='ltr'><strong>plena</strong></span> <span class='ocrx_word' id='word_1_153' title='bbox 554 2695 616 2757; x_wconf 91' lang='lat' dir='ltr'><strong>per</strong></span> <span class='ocrx_word' id='word_1_154' title='bbox 647 2682 771 2750; x_wconf 90' lang='lat' dir='ltr'><strong>totum,</strong></span> <span class='ocrx_word' id='word_1_155' title='bbox 805 2683 840 2738; x_wconf 90' lang='lat' dir='ltr'><strong>et</strong></span> <span class='ocrx_word' id='word_1_156' title='bbox 872 2675 922 2736; x_wconf 91' lang='lat' dir='ltr'><strong>sic</strong></span> <span class='ocrx_word' id='word_1_157' title='bbox 955 2673 1053 2736; x_wconf 91' lang='lat' dir='ltr'><strong>limes</strong></span> <span class='ocrx_word' id='word_1_158' title='bbox 1087 2675 1163 2756; x_wconf 89' lang='lat' dir='ltr'><strong>ejus</strong></span> 
     </span>
     <span class='ocr_line' id='line_1_24' title="bbox 213 2772 1163 2858; baseline -0.004 -21"><span class='ocrx_word' id='word_1_159' title='bbox 213 2775 383 2858; x_wconf 87' lang='lat' dir='ltr'><strong>principio</strong></span> <span class='ocrx_word' id='word_1_160' title='bbox 406 2793 443 2836; x_wconf 91' lang='lat' dir='ltr'><strong>se</strong></span> <span class='ocrx_word' id='word_1_161' title='bbox 464 2775 607 2856; x_wconf 88' lang='lat' dir='ltr'><strong>adaptet</strong></span> <span class='ocrx_word' id='word_1_162' title='bbox 625 2775 661 2836; x_wconf 94' lang='lat' dir='ltr'><strong>in</strong></span> <span class='ocrx_word' id='word_1_163' title='bbox 685 2773 833 2854; x_wconf 63' lang='lat' dir='ltr'><strong>gaudiia</strong></span> <span class='ocrx_word' id='word_1_164' title='bbox 858 2779 898 2834; x_wconf 88' lang='lat' dir='ltr'><strong>ut</strong></span> <span class='ocrx_word' id='word_1_165' title='bbox 913 2772 1065 2851; x_wconf 86' lang='lat' dir='ltr'><strong>regalem</strong></span> <span class='ocrx_word' id='word_1_166' title='bbox 1088 2774 1163 2833; x_wconf 87' lang='lat' dir='ltr'><strong>ani-</strong></span> 
     </span>
     <span class='ocr_line' id='line_1_25' title="bbox 214 2870 1163 2954; baseline -0.002 -18"><span class='ocrx_word' id='word_1_167' title='bbox 214 2893 308 2937; x_wconf 91' lang='lat' dir='ltr'><strong>mum</strong></span> <span class='ocrx_word' id='word_1_168' title='bbox 328 2893 391 2954; x_wconf 89' lang='lat' dir='ltr'><strong>pro</strong></span> <span class='ocrx_word' id='word_1_169' title='bbox 409 2880 491 2936; x_wconf 82' lang='lat' dir='ltr'><strong>roto</strong></span> <span class='ocrx_word' id='word_1_170' title='bbox 511 2873 674 2947; x_wconf 87' lang='lat' dir='ltr'><strong>laetificet,</strong></span> <span class='ocrx_word' id='word_1_171' title='bbox 695 2871 738 2935; x_wconf 92' lang='lat' dir='ltr'><strong>ad</strong></span> <span class='ocrx_word' id='word_1_172' title='bbox 762 2873 1010 2934; x_wconf 90' lang='lat' dir='ltr'><strong>incrementum</strong></span> <span class='ocrx_word' id='word_1_173' title='bbox 1031 2870 1163 2934; x_wconf 87' lang='lat' dir='ltr'><strong>laetitiae</strong></span> 
     </span>
     <span class='ocr_line' id='line_1_26' title="bbox 214 2969 1163 3053; baseline -0.004 -17"><span class='ocrx_word' id='word_1_174' title='bbox 214 2981 250 3036; x_wconf 87' lang='lat' dir='ltr'><strong>et</strong></span> <span class='ocrx_word' id='word_1_175' title='bbox 279 2973 387 3035; x_wconf 89' lang='lat' dir='ltr'><strong>totius</strong></span> <span class='ocrx_word' id='word_1_176' title='bbox 420 2972 539 3052; x_wconf 81' lang='lat' dir='ltr'><strong>gaudii</strong></span> <span class='ocrx_word' id='word_1_177' title='bbox 577 2971 816 3053; x_wconf 70' lang='lat' dir='ltr'><strong>praecedentis,</strong></span> <span class='ocrx_word' id='word_1_178' title='bbox 847 2969 1007 3032; x_wconf 88' lang='lat' dir='ltr'><strong>amicitiae</strong></span> <span class='ocrx_word' id='word_1_179' title='bbox 1038 2977 1163 3032; x_wconf 86' lang='lat' dir='ltr'><strong>vestrae</strong></span> 
     </span>
     <span class='ocr_line' id='line_1_27' title="bbox 212 3068 1163 3152; baseline -0.003 -18"><span class='ocrx_word' id='word_1_180' title='bbox 212 3072 372 3152; x_wconf 86' lang='lat' dir='ltr'><strong>cupimus</strong></span> <span class='ocrx_word' id='word_1_181' title='bbox 400 3090 476 3134; x_wconf 87' lang='lat' dir='ltr'><strong>esse</strong></span> <span class='ocrx_word' id='word_1_182' title='bbox 501 3078 633 3146; x_wconf 90' lang='lat' dir='ltr'><strong>notum,</strong></span> <span class='ocrx_word' id='word_1_183' title='bbox 663 3070 755 3152; x_wconf 92' lang='lat' dir='ltr'><strong>qnod</strong></span> <span class='ocrx_word' id='word_1_184' title='bbox 780 3068 952 3135; x_wconf 90' lang='lat' dir='ltr'><strong>Soldanus</strong></span> <span class='ocrx_word' id='word_1_185' title='bbox 978 3068 1163 3151; x_wconf 87' lang='lat' dir='ltr'><strong>praedictus</strong></span> 
     </span>
     <span class='ocr_line' id='line_1_28' title="bbox 214 3166 1163 3251; baseline -0.003 -18"><span class='ocrx_word' id='word_1_186' title='bbox 214 3189 333 3234; x_wconf 90' lang='lat' dir='ltr'><strong>omnes</strong></span> <span class='ocrx_word' id='word_1_187' title='bbox 364 3170 522 3251; x_wconf 88' lang='lat' dir='ltr'><strong>captivos</strong></span> <span class='ocrx_word' id='word_1_188' title='bbox 559 3170 650 3246; x_wconf 88' lang='lat' dir='ltr'><strong>illos,</strong></span> <span class='ocrx_word' id='word_1_189' title='bbox 683 3188 770 3250; x_wconf 86' lang='lat' dir='ltr'><strong>quos</strong></span> <span class='ocrx_word' id='word_1_190' title='bbox 804 3166 992 3232; x_wconf 90' lang='lat' dir='ltr'><strong>secundum</strong></span> <span class='ocrx_word' id='word_1_191' title='bbox 1023 3176 1163 3248; x_wconf 91' lang='lat' dir='ltr'><strong>pactum</strong></span> 
     </span>
     <span class='ocr_line' id='line_1_29' title="bbox 213 3266 1164 3351; baseline -0.003 -17"><span class='ocrx_word' id='word_1_192' title='bbox 213 3270 305 3334; x_wconf 90' lang='lat' dir='ltr'><strong>inter</strong></span> <span class='ocrx_word' id='word_1_193' title='bbox 345 3267 560 3332; x_wconf 87' lang='lat' dir='ltr'><strong>Christianos</strong></span> <span class='ocrx_word' id='word_1_194' title='bbox 599 3274 636 3331; x_wconf 91' lang='lat' dir='ltr'><strong>et</strong></span> <span class='ocrx_word' id='word_1_195' title='bbox 667 3269 778 3351; x_wconf 92' lang='lat' dir='ltr'><strong>ipsum</strong></span> <span class='ocrx_word' id='word_1_196' title='bbox 821 3266 976 3330; x_wconf 88' lang='lat' dir='ltr'><strong>habitum</strong></span> <span class='ocrx_word' id='word_1_197' title='bbox 1009 3274 1164 3349; x_wconf 90' lang='lat' dir='ltr'><strong>tempore</strong></span> 
     </span>
     <span class='ocr_line' id='line_1_30' title="bbox 214 3366 1163 3450; baseline -0.003 -19"><span class='ocrx_word' id='word_1_198' title='bbox 214 3367 388 3450; x_wconf 88' lang='lat' dir='ltr'><strong>quondam</strong></span> <span class='ocrx_word' id='word_1_199' title='bbox 407 3367 578 3431; x_wconf 86' lang='lat' dir='ltr'><strong>Damietae</strong></span> <span class='ocrx_word' id='word_1_200' title='bbox 594 3367 738 3448; x_wconf 86' lang='lat' dir='ltr'><strong>perditae</strong></span> <span class='ocrx_word' id='word_1_201' title='bbox 754 3386 822 3430; x_wconf 94' lang='lat' dir='ltr'><strong>uon</strong></span> <span class='ocrx_word' id='word_1_202' title='bbox 843 3366 999 3439; x_wconf 86' lang='lat' dir='ltr'><strong>reddidit,</strong></span> <span class='ocrx_word' id='word_1_203' title='bbox 1016 3373 1052 3428; x_wconf 92' lang='lat' dir='ltr'><strong>et</strong></span> <span class='ocrx_word' id='word_1_204' title='bbox 1065 3367 1163 3441; x_wconf 90' lang='lat' dir='ltr'><strong>alios,</strong></span> 
     </span>
     <span class='ocr_line' id='line_1_31' title="bbox 214 3465 1164 3549; baseline -0.002 -19"><span class='ocrx_word' id='word_1_205' title='bbox 214 3467 274 3549; x_wconf 92' lang='lat' dir='ltr'><strong>qni</strong></span> <span class='ocrx_word' id='word_1_206' title='bbox 302 3473 423 3548; x_wconf 88' lang='lat' dir='ltr'><strong>postea</strong></span> <span class='ocrx_word' id='word_1_207' title='bbox 446 3467 540 3547; x_wconf 89' lang='lat' dir='ltr'><strong>capti</strong></span> <span class='ocrx_word' id='word_1_208' title='bbox 562 3466 712 3541; x_wconf 90' lang='lat' dir='ltr'><strong>suerunt,</strong></span> <span class='ocrx_word' id='word_1_209' title='bbox 737 3465 916 3528; x_wconf 87' lang='lat' dir='ltr'><strong>restituere</strong></span> <span class='ocrx_word' id='word_1_210' title='bbox 938 3465 1037 3526; x_wconf 90' lang='lat' dir='ltr'><strong>uobis</strong></span> <span class='ocrx_word' id='word_1_211' title='bbox 1063 3465 1164 3528; x_wconf 92' lang='lat' dir='ltr'><strong>debet</strong></span> 
     </span>
     <span class='ocr_line' id='line_1_32' title="bbox 215 3561 1164 3646; baseline -0.003 -18"><span class='ocrx_word' id='word_1_212' title='bbox 215 3565 328 3629; x_wconf 91' lang='lat' dir='ltr'><strong>modo.</strong></span> <span class='ocrx_word' id='word_1_213' title='bbox 382 3565 478 3628; x_wconf 90' lang='lat' dir='ltr'><strong>Data</strong></span> <span class='ocrx_word' id='word_1_214' title='bbox 499 3565 592 3646; x_wconf 90' lang='lat' dir='ltr'><strong>apud</strong></span> <span class='ocrx_word' id='word_1_215' title='bbox 612 3566 786 3629; x_wconf 85' lang='lat' dir='ltr'><strong>civitatem</strong></span> <span class='ocrx_word' id='word_1_216' title='bbox 817 3570 973 3626; x_wconf 89' lang='lat' dir='ltr'><strong>sanctam</strong></span> <span class='ocrx_word' id='word_1_217' title='bbox 995 3561 1164 3625; x_wconf 88' lang='lat' dir='ltr'><strong>Hierusa-</strong></span> 
     </span>
     <span class='ocr_line' id='line_1_33' title="bbox 213 3660 1164 3745; baseline -0.004 -18"><span class='ocrx_word' id='word_1_218' title='bbox 213 3663 281 3728; x_wconf 88' lang='lat' dir='ltr'><strong>lem</strong></span> <span class='ocrx_word' id='word_1_219' title='bbox 298 3663 431 3728; x_wconf 93' lang='lat' dir='ltr'><strong>decimo</strong></span> <span class='ocrx_word' id='word_1_220' title='bbox 449 3664 595 3745; x_wconf 89' lang='lat' dir='ltr'><strong>septimo</strong></span> <span class='ocrx_word' id='word_1_221' title='bbox 612 3665 667 3728; x_wconf 90' lang='lat' dir='ltr'><strong>die</strong></span> <span class='ocrx_word' id='word_1_222' title='bbox 685 3664 812 3727; x_wconf 81' lang='lat' dir='ltr'><strong>mensis</strong></span> <span class='ocrx_word' id='word_1_223' title='bbox 832 3661 964 3735; x_wconf 89' lang='lat' dir='ltr'><strong>Martii,</strong></span> <span class='ocrx_word' id='word_1_224' title='bbox 981 3678 1073 3721; x_wconf 90' lang='lat' dir='ltr'><strong>anno</strong></span> <span class='ocrx_word' id='word_1_225' title='bbox 1091 3660 1164 3723; x_wconf 84' lang='lat' dir='ltr'><strong>Do-</strong></span> 
     </span>
     <span class='ocr_line' id='line_1_34' title="bbox 212 3757 1061 3830; baseline -0.011 -1"><span class='ocrx_word' id='word_1_226' title='bbox 212 3763 297 3829; x_wconf 88' lang='lat' dir='ltr'><strong>mini</strong></span> <span class='ocrx_word' id='word_1_227' title='bbox 313 3762 493 3830; x_wconf 90' lang='lat' dir='ltr'><strong>millesimo</strong></span> <span class='ocrx_word' id='word_1_228' title='bbox 509 3764 744 3828; x_wconf 90' lang='lat' dir='ltr'><strong>ducentesimo</strong></span> <span class='ocrx_word' id='word_1_229' title='bbox 761 3761 924 3826; x_wconf 87' lang='lat' dir='ltr'><strong>vicesimo</strong></span> <span class='ocrx_word' id='word_1_230' title='bbox 945 3757 1061 3823; x_wconf 89' lang='lat' dir='ltr'><strong>non0.&#39;</strong></span> 
     </span>
    </p>
   </div>
   <div class='ocr_carea' id='block_1_4' title="bbox 0 0 1501 4996">
    <p class='ocr_par' dir='ltr' id='par_1_4' title="bbox 0 0 1501 4996">
     <span class='ocr_line' id='line_1_35' title="bbox 0 0 1501 4996; baseline 0 0"><span class='ocrx_word' id='word_1_231' title='bbox 0 0 1501 4996; x_wconf 95' lang='lat' dir='ltr'><strong> </strong></span> 
     </span>
    </p>
   </div>
  </div>
 </body>
</html>
