2978 4996
391 440 532 489 neonus
555 440 827 489 nrsronrnnuu.
1023 428 1088 491 119

130 598 303 681 prioribus
324 603 359 660 et
376 596 590 678 singulorum
613 600 895 682 procuratoribus
918 603 1222 684 capitulorum.

133 717 219 773 rum,
247 695 448 759 mandatum
471 699 595 760 summi
617 699 790 780 pontificis
813 699 983 779 audituri;
1012 672 1218 779 addititii

132 796 297 879 quoniam
320 794 563 876 Lugdunensis
583 797 862 879 archiepiscopus
881 800 1087 865 vendicabat

132 896 198 959 sibi
223 894 422 977 primatiam
454 914 559 977 super
584 896 880 979 archiepiscopum
909 898 1085 963 Senonen·

132 1015 217 1070 sem,
253 1001 289 1058 et
326 991 620 1076 Rothomagensis
658 1015 763 1077 super
799 996 1085 1076 Bithuricensem,

133 1093 406 1170 Auxiancnsem,
436 1093 711 1171 Narbonensem,
742 1102 778 1159 et
812 1115 929 1158 eorum
962 1097 1085 1160 suffra·

134 1212 278 1274 ganeas,
292 1193 478 1256 timebatur
500 1193 543 1256 de
566 1193 750 1270 discordia,
775 1202 809 1257 et
829 1194 907 1259 ideo
929 1215 998 1259 nou
1020 1196 1086 1261 suit

134 1311 269 1355 sessum
301 1292 401 1375 quasi
442 1293 477 1354 in
510 1292 669 1369 concilio,
702 1294 762 1356 sed
795 1302 833 1357 ut
865 1295 900 1356 iu
929 1295 1085 1359 consilio.

135 1390 273 1469 Quibus
302 1391 502 1454 sedentibus
535 1398 570 1455 et
594 1392 693 1456 lectis
725 1393 761 1455 iu
791 1394 929 1475 publico
962 1394 1085 1475 legati-

134 1491 211 1554 onis
235 1490 357 1568 literis,
390 1499 626 1573 apparuerunt
652 1511 767 1555 comes
796 1492 1016 1557 Tholosanus
1041 1515 1085 1558 ex

137 1608 206 1653 una
227 1597 327 1671 parte
356 1597 391 1653 et
417 1589 536 1654 Simon
560 1590 602 1653 de
632 1590 850 1657 Monte-sorti
885 1612 928 1655 ex
963 1594 1086 1671 altera,

136 1688 196 1771 qui
220 1689 320 1770 petiit
343 1689 408 1751 sibi
431 1690 567 1754 restitui
589 1697 716 1753 terram
742 1690 928 1754 Reimundi
951 1693 1087 1756 comitis

135 1787 338 1865 Tholosani,
367 1805 472 1870 quam
496 1788 656 1852 dominus
679 1808 771 1871 papa
793 1798 828 1852 et
852 1810 914 1853 rex
937 1790 1086 1855 Franco

136 1906 212 1950 rum
231 1887 415 1971 Philippus
435 1888 501 1950 sibi
523 1895 558 1951 et
576 1888 668 1969 patri
691 1908 754 1951 sno
771 1889 1003 1965 contulerunt,
1024 1910 1087 1953 cx-

138 1985 259 2050 hibens
293 2005 400 2069 supra
428 1986 615 2050 donatione
646 1986 738 2050 facta
767 1987 959 2069 utriusque,
986 2007 1086 2069 papae

135 2086 268 2151 scilicet
290 2095 326 2150 et
348 2087 453 2167 regis,
476 2087 714 2164 munimenta3
745 2084 957 2169 addiditque,
981 2088 1087 2149 comi-

137 2192 205 2249 tem
231 2185 465 2249 Reimundum
496 2184 733 2268 abjudicatum
760 2184 867 2249 fnisse
897 2185 1019 2249 Romae
1050 2187 1086 2249 in

136 2285 282 2348 concilio
316 2283 470 2367 generali
496 2294 639 2366 propter
667 2285 826 2361 haeresin,
853 2285 896 2348 ad
926 2286 1040 2347 minus
1065 2305 1087 2350 a

135 2390 234 2466 parte
249 2384 372 2467 majori
393 2391 494 2447 terrae
512 2403 617 2467 qnam
640 2404 732 2448 nnnc
750 2391 854 2448 tenet.
907 2385 937 2447 E
953 2394 1086 2463 contra,

136 2502 249 2546 eomes
279 2482 496 2547 Reimundus
522 2484 648 2547 obtulit
670 2503 708 2546 se
731 2483 902 2548 facturum
925 2503 1009 2566 erga
1032 2506 1086 2548 re-

137 2601 214 2663 gem
249 2582 461 2646 Francorum
489 2589 524 2645 et
549 2583 729 2646 ecclesiam
760 2582 957 2646 Romanam
988 2585 1086 2666 quic-

137 2680 220 2764 quid
245 2681 359 2745 sacere
385 2680 524 2746 deberet
544 2701 608 2763 pro
631 2681 834 2745 haereditate
862 2700 935 2742 sna.
987 2683 1088 2746 Tunc

137 2799 218 2843 cum
233 2787 367 2862 peteret
381 2799 462 2863 pars
478 2780 626 2844 adversa
647 2782 691 2843 ab
714 2800 767 2856 eo,
791 2787 830 2842 ut
846 2780 977 2841 subiret
993 2781 1088 2863 judi-

137 2879 228 2942 cium
254 2878 434 2944 duodecim
462 2881 597 2961 parium
629 2878 768 2956 Galliae,
800 2879 977 2959 respondit
1005 2879 1088 2942 Rei-

137 2978 297 3054 mundus‚
322 2978 509 3061 ‘Recipiat
532 2999 594 3043 rex
619 2979 815 3059 homagium
841 2996 953 3039 meum
977 2987 1012 3041 et
1029 2997 1087 3060 pa-

138 3085 235 3141 ratus
251 3097 327 3141 sum
345 3077 474 3154 subire,
497 3079 581 3160 quia
607 3078 696 3142 forte
713 3078 814 3142 aliter
834 3096 903 3139 non
923 3077 1090 3141 haberent

138 3196 193 3240 me
212 3197 276 3259 pro
298 3177 397 3260 pari.’
450 3177 607 3260 Cumque
631 3177 711 3241 hinc
735 3177 814 3240 inde
834 3176 957 3239 suisset
981 3177 1088 3260 pluri·

136 3295 231 3340 mum
253 3276 472 3353 altercatum,
495 3277 659 3360 praecepit
679 3276 946 3358 archiepiscopis
969 3277 1087 3358 singu-

138 3374 183 3440 lis
212 3375 352 3457 legatus
380 3383 461 3440 tunc
489 3377 730 3459 praesentibus,
755 3383 794 3439 nt
812 3377 1012 3439 convocatis
1036 3395 1091 3439 se-

139 3494 257 3538 orsum
280 3476 516 3557 unusquisque
537 3475 766 3558 suffraganeis
789 3495 864 3538 cum
888 3474 939 3537 eis
961 3476 1089 3538 delibe-

141 3580 260 3637 rarent
276 3594 381 3657 super
405 3575 544 3656 negotio
568 3576 714 3658 praefato
732 3582 767 3637 ct
783 3575 960 3636 traderent
974 3574 1090 3653 legato

139 3673 320 3738 consilium
343 3691 443 3737 suum
466 3674 643 3738 redactum
665 3675 701 3737 iu
721 3673 872 3756 script03
903 3690 972 3752 quo
985 3671 1091 3749 sacto,

140 3773 278 3854 legatus
293 3774 605 3838 excommunicavit
622 3770 814 3853 omnesqui
830 3789 933 3851 super
947 3768 1012 3832 hoe
1027 3789 1092 3835 sua

142 3872 287 3936 consilia
316 3873 522 3951 revelarent,
552 3874 670 3937 dicens
700 3891 738 3934 se
768 3888 810 3933 ea
837 3868 925 3932 velle
953 3868 1092 3934 domino

140 3991 243 4054 papae
258 3971 454 4055 significare
472 3981 507 4038 et
526 3973 738 4036 Francorum
755 3968 828 4050 regi
845 3968 1035 4032 ostendere.
