2978 4996
380 472 519 520 FLORRS
543 472 813 521 lllS'l'ORlARUM.

310 701 488 766 Incidentin
503 702 569 766 dot
556 711 642 765 terra
651 702 878 785 probissimis.

169 817 317 886 Eodem¹
341 842 444 901 anno,
468 825 669 905 exspirante
687 832 811 906 treuga
833 828 925 890 inter
949 826 1138 927 fidelesamn
1133 841 1214 929 2²⁸¹ss

118 927 219 984 terrae
265 924 500 1004 promissionis
548 930 585 986 et
628 923 832 1001 Saracenos,
876 926 912 987 in
957 889 1201 1027 primoth'ss'l‘russ

118 1021 281 1102 passagio
309 1021 471 1104 generale
501 1030 582 1104 post
607 1023 789 1085 concilium
822 1023 1068 1102 Lateranense,
1080 988 1134 1028 m

118 1127 351 1200 congregatus
383 1129 436 1184 est
462 1121 637 1184 exercitus
670 1121 811 1185 Domini
842 1123 1004 1203 copiosus
1031 1125 1068 1186 in

117 1217 254 1295 Achon,
269 1238 347 1282 cum
362 1213 488 1283 ²tribns
511 1220 662 1300 regibus,
681 1219 901 1284 Hierusalem
924 1221 1068 1300 scilicet,

120 1315 315 1398 Hungarioe
351 1324 387 1382 et
421 1318 539 1401 Cypri.
604 1317 800 1382 Adsuerunt
824 1320 929 1382 etiam
962 1319 1069 1384 ducos

120 1411 290 1480 Austriae³
313 1424 348 1481 et
372 1417 555 1492 Moraviae,
576 1436 653 1479 cum
676 1417 800 1481 militia
819 1437 948 1500 magna
970 1420 1067 1500 regni

118 1514 325 1579 Touthonici
347 1523 383 1579 et
402 1516 584 1580 comitibus
609 1516 728 1580 multis
749 1517 902 1598 virisque
924 1537 1069 1598 genero-

119 1613 178 1677 sis.
230 1613 429 1679 Adfuerunt
445 1616 550 1678 etiam
572 1615 822 1697 archiepiscopi
841 1615 876 1678 N
878 1616 1068 1681 ichossien·

118 1713 178 1787 sis,
194 1705 390 1790 ⁴J0vensis,
407 1712 602 1795 Argiensis,
625 1713 831 1795 Hungariee,
855 1714 1068 1794 Baiocensis,

120 1811 365 1893 Bavergensis,
386 1812 599 1887 CicenensiS,
624 1812 906 1877 Monesteriensis
928 1823 964 1878 et
978 1814 1066 1878 Tra·

114 1909 293 1992 jectensis,
319 1919 450 1974 etcum
472 1913 522 1974 eis
545 1910 600 1974 vir
621 1911 744 1973 nobilis
767 1918 803 1975 et
824 1921 948 1993 potens
970 1913 1068 1977 Wal-

120 2017 214 2072 terus
230 2009 273 2072 de
289 2008 432 2073 Avenis.
486 2009 620 2073 Deinde
642 2009 841 2090 patriarcha
863 2010 1067 2095 Hierosoly-

120 2109 283 2184 mitanus,
311 2128 390 2171 cum
412 2127 540 2189 magna
564 2108 760 2172 humilitate
785 2108 868 2171 cleri
891 2116 927 2172 et
948 2110 1067 2190 populi

120 2206 246 2270 tollens
276 2216 474 2271 reverenter
501 2207 647 2271 vivificae
672 2207 784 2271 crucis
809 2208 960 2288 signum,
982 2207 1068 2272 seria

119 2314 221 2369 sexta
243 2314 323 2388 post
340 2308 468 2370 festum
487 2305 649 2369 Omnium
672 2313 871 2371 sanctorum
893 2308 1069 2390 profectus

119 2413 172 2468 est
195 2407 240 2468 ab
269 2404 392 2469 Acbon
421 2407 457 2468 in
486 2413 602 2468 castra
636 2405 789 2482 Domini,
818 2425 896 2487 quae
930 2426 1068 2488 proces·

118 2510 237 2566 serant
267 2505 311 2567 ad
345 2499 623 2568 ⁵Recordanam.
687 2503 767 2567 Hoc
803 2511 920 2569 autem
947 2506 1069 2569 Domi·

119 2603 206 2665 nicee
231 2603 342 2666 crucis
370 2603 502 2684 lignum
534 2611 614 2684 post
643 2609 771 2666 terram
803 2613 960 2668 sanctam
992 2624 1070 2686 per-

118 2700 227 2764 ditam
247 2710 459 2765 reservatum
477 2702 602 2765 suited
623 2700 697 2765 haec
713 2710 870 2783 tempora
888 2711 923 2766 et
943 2721 964 2766 a
986 2703 1069 2766 fide-

120 2799 211 2863 libus
231 2802 465 2881 occultatum3
488 2801 686 2864 imminente
707 2802 800 2864 enim
823 2800 986 2864 conflictu
1009 2802 1069 2864 Sa·

121 2917 324 2963 racenorum
352 2910 505 2982 tempore
534 2898 713 2963 Salaadini
742 2918 821 2963 cum
851 2898 1070 2977 Christianis,

120 2998 211 3062 sicut
238 3017 260 3061 a
288 3000 480 3063 senioribus
513 2999 722 3080 accepimus,
752 3016 839 3061 crux
866 3005 962 3060 secta
992 2997 1070 3075 snit,

121 3097 221 3180 cujus
244 3116 326 3179 pars
347 3099 392 3161 ad
412 3098 569 3180 praelium
587 3097 703 3161 delata
722 3106 758 3161 et
774 3097 899 3160 ibidem
922 3098 1071 3180 perdita,

122 3215 203 3279 pars
236 3203 318 3260 tunc
353 3205 531 3260 reservata
560 3197 710 3273 exstitit,
740 3215 819 3278 quae
850 3216 941 3261 nunc
974 3197 1071 3261 exhi·

121 3296 231 3359 betur.
285 3295 373 3359 Cum
390 3296 452 3359 tali
467 3315 605 3378 quoque
622 3296 751 3359 vexillo
769 3297 908 3359 aciebus
922 3297 1072 3360 instruc-

159 3500 277 3553 ¹Eodem.
290 3497 302 3571 ]
329 3502 383 3551 The
405 3508 514 3552 account
537 3502 596 3551 sol·
594 3507 666 3587 istay
683 3519 716 3552 no
732 3503 829 3565 longer,
845 3504 891 3553 but
907 3506 1073 3568 straightway

123 3573 262 3635 luwingin
284 3573 362 3622 taken
388 3572 451 3621 from
474 3573 529 3621 that
550 3564 597 3633 by'
610 3572 726 3621 returned
742 3573 830 3634 bome;
849 3574 1029 3638 HolyWarre,
1046 3593 1073 3639 p.

123 3641 237 3691 lacobus
258 3642 290 3690 de
308 3642 433 3703 vitriaco,
451 3642 510 3690 who
530 3656 585 3689 was
612 3646 659 3690 152
661 3642 681 3704 ,]
693 3642 743 3690 end
756 3609 835 3704 Huglr
847 3643 876 3691 os
884 3644 996 3704 cyprus.

124 3725 156 3759 an
174 3724 233 3770 eye
221 3713 352 3771 witness
370 3726 487 3772 compare
504 3710 589 3761 Gesta
646 3709 778 3760 'dustria
794 3717 818 3760 et
835 3713 986 3778 Menaria]
1011 3714 1074 3762 Leo·

124 3780 176 3829 Dei
182 3794 228 3840 per
238 3779 358 3841 Francos,
368 3784 441 3841 1129,
452 3780 503 3828 and
515 3780 585 3828 Hist.
597 3790 599 3803 ¹
611 3781 671 3842 pold
682 3781 733 3829 and
745 3781 822 3831 Otho.

124 3849 235 3909 caption.
260 3849 396 3912 Diametae,
420 3849 491 3899 Hist.
509 3849 586 3911 Angl.
647 3845 820 3917 *domam
839 3851 963 3912 probably
974 3851 1012 3899 sor
1025 3849 1075 3898 Ju-

124 3919 447 3981 Scriptt.tom.ii.p.¹185.
611 3919 696 3967 vensis
717 3933 746 3967 or
769 3920 944 3980 Juvaviensls,
962 3920 1004 3967 the
1031 3933 1074 3967 see

158 3985 271 4038 'Triton
286 3988 412 4052 regdraa]
429 3988 507 4048 John,
524 3987 587 4050 king
612 3987 641 4038 os
649 3988 800 4049 Salaburgh.

125 4057 154 4107 ol
167 4057 321 4121 Jerusalem,
335 4058 448 4107 Andrew
466 4057 495 4106 os
512 4057 587 4104 Hun·
648 4053 856 4121 ‘Recordonumd
873 4057 907 4105 So
923 4056 949 4105 in
966 4057 1024 4107 Jac.
1040 4057 1073 4107 da

125 4142 197 4190 gary,
210 4127 290 4191 [who,
300 4128 395 4190 having
405 4127 510 4176 weshed
521 4127 588 4174 him·
613 4125 726 4176 vitriaco
739 4142 746 4186 ;
770 4128 808 4178 M.
827 4126 902 4175 Poris
923 4127 998 4178 reads
1020 4128 1029 4158 ‘
1041 4127 1076 4177 ad

123 4196 175 4247 rell
187 4198 214 4246 in
231 4197 273 4247 tbe
296 4199 362 4247 river
378 4197 485 4260 Jordan,
501 4195 588 4247 would
613 4197 717 4248 fluvium
730 4197 875 4248 Jordanern.
