2978 4996
416 464 459 528 18
679 479 812 526 nounar
838 479 885 527 nn
909 476 1117 526 wuunovna

255 653 378 697 att-¹²¹⁷·
417 637 595 702 venientes
631 638 776 699 barones
813 633 965 698 insultus
1000 633 1155 696 lecerunt
1182 632 1369 696 acerrimos

417 738 453 801 in
479 736 671 808 castellum,
695 729 837 817 ¹quibus
862 734 1062 797 resistentes
1087 731 1212 794 inclusi
1236 730 1370 814 lapides

418 845 453 900 et
478 836 550 900 tela
579 835 757 899 mortifera
786 854 850 917 pro
883 832 1055 915 lapidibus
1088 838 1124 894 et
1146 829 1276 914 jaculis
1305 850 1369 913 pro

419 936 549 999 viribus
568 935 784 997 remiserunt.

491 1107 641 1187 Quomodo
656 1128 709 1170 rec
724 1105 849 1192 Aopliae
866 1105 1060 1190 casprepooit
1073 1104 1249 1181 aeereitum,
1264 1113 1299 1168 ut

558 1206 731 1271 dissolveret
746 1204 928 1269 obsidionem
941 1204 1039 1268 castri
1055 1202 1236 1267 Lincolnr'ae.

276 1359 298 1388 o
320 1359 347 1408 'a
368 1359 407 1387 om
471 1328 559 1392 Cum
574 1329 649 1393 baec
667 1328 792 1391 ibidem
806 1334 1002 1409 agerentur,
1020 1327 1217 1391 Willelmus
1235 1324 1371 1391 Mares-

267 1410 310 1437 Μ
320 1409 365 1437 'm
420 1428 565 1504 challus,
583 1427 675 1509 regis
689 1434 806 1491 custos
820 1433 855 1490 et
869 1427 977 1507 regni,
994 1426 1037 1490 de
1051 1427 1194 1490 consilio
1208 1426 1367 1491 Walonis

233 1512 240 1521 ⁶
420 1527 527 1608 legati
545 1534 580 1590 et
595 1525 704 1602 Petri,
715 1525 967 1590 Wintoniensis
984 1526 1148 1607 episcopi,
1163 1533 1199 1588 et
1210 1526 1368 1602 aliorum,

420 1645 566 1707 quorum
592 1625 736 1689 consilio
760 1625 857 1705 regni
883 1625 1092 1705 gerebantur
1114 1626 1265 1704 negotia,
1285 1624 1368 1689 fecit

420 1744 611 1789 convocare
634 1743 752 1788 omnes
775 1723 983 1787 castellanos
1003 1723 1046 1787 ad
1071 1743 1185 1804 regem
1209 1730 1369 1805 spectan-

421 1833 473 1887 tes
499 1832 535 1887 et
555 1824 693 1896 milites,
716 1824 776 1903 qui
802 1830 901 1886 erant
923 1824 959 1885 in
983 1822 1150 1903 praesidiis
1175 1832 1367 1887 castrorum

420 1923 630 2005 inpartibus
652 1923 809 1998 dirersis,
832 1922 1036 2005 praecipiens
1055 1930 1093 1985 ut
1110 1921 1195 1985 seria
1216 1922 1368 1986 secunda

420 2022 455 2084 ln
470 2021 684 2087 bebdomada
700 2022 930 2086 Pentecostes'
942 2020 1032 2102 apud
1053 2020 1088 2083 N
1090 2039 1200 2084 ewerc
1217 2021 1260 2084 ad
1276 2022 1368 2085 edic-

420 2129 494 2185 tum
526 2125 617 2204 regis
652 2119 888 2197 convenirent,
914 2127 950 2184 et
976 2119 1107 2201 pariter
1139 2138 1217 2183 cum
1251 2120 1368 2202 [ipsis]

420 2222 631 2285 obsidionem
655 2220 760 2284 castri
784 2218 1035 2283 Linculniensis
1060 2219 1248 2283 dissolvere
1270 2219 1367 2283 labo-

421 2329 550 2382 rarent.
594 2319 645 2382 At
661 2318 724 2394 illi,
742 2317 865 2400 quibus
885 2317 1010 2382 ardens
1029 2318 1142 2381 inerat
1160 2317 1366 2382 desiderium

421 2418 549 2481 bellum
586 2436 765 2481 conserere
799 2436 875 2480 cum
914 2417 1139 2498 Francigenis
1170 2436 1368 2482 excommu-

422 2517 546 2580 nicatis
576 2522 611 2580 et
633 2516 738 2580 etiam
769 2536 832 2598 pro
865 2517 979 2598 patria
1011 2535 1177 2598 pugnare,
1200 2524 1369 2581 venerunt

422 2616 614 2696 gaudenter
642 2615 685 2679 ad
719 2615 809 2680 diem
840 2615 1019 2697 praelixum
1055 2623 1090 2679 et
1115 2615 1257 2696 locum3
1289 2635 1366 2679 cum

422 2716 547 2797 quibus
576 2715 696 2797 utique
725 2713 859 2797 etipse
892 2714 1029 2796 legatus
1057 2733 1134 2777 cum
1165 2715 1241 2779 aliis
1271 2715 1369 2796 regni

422 2815 576 2897 praelatis
596 2834 673 2878 cum
700 2815 798 2897 equis
826 2823 862 2878 et
883 2814 967 2878 viris
996 2814 1170 2878 bellicosis
1195 2813 1369 2897 apparuit,

422 2922 462 2977 ut
490 2916 564 2996 regi
596 2914 832 2979 inobedientes
863 2920 898 2976 et
927 2912 1065 2977 dominu
1093 2932 1193 2996 papae
1223 2913 1368 2977 rebelles

421 3013 581 3094 precibus
594 3013 857 3093 insequerentur
872 3018 908 3074 et
919 3011 1044 3091 armis3
1068 3011 1262 3076 habuerunt
1276 3012 1368 3076 enim

417 3110 561 3193 justam,
590 3118 630 3174 ut
652 3110 717 3173 sibi
738 3110 933 3188 videbatur,
959 3129 1112 3189 causam,
1139 3131 1217 3176 cum
1247 3111 1370 3194 praeci·

421 3228 489 3291 pue
514 3210 679 3273 innocens
710 3218 801 3273 esset
823 3218 858 3274 et
882 3210 982 3292 quasi
1006 3228 1027 3273 a
1052 3219 1195 3293 peccato
1221 3210 1367 3289 alienus,

421 3327 523 3389 quem
545 3307 734 3372 adversarii
751 3308 826 3392 ejus
849 3308 1070 3373 exhaeredare
1095 3329 1156 3393 per
1172 3310 1368 3393 superbiam

421 3407 638 3471 laborabant.
684 3407 840 3490 Cumque
870 3427 989 3472 omnes
1019 3410 1056 3472 in
1084 3429 1190 3473 unum
1221 3409 1368 3475 lusissent

420 3507 635 3589 congregati,
670 3508 831 3571 recensiti
861 3514 944 3571 sunt
971 3508 1007 3570 in
1045 3510 1200 3572 exercitu
1241 3507 1368 3572 milites

420 3606 677 3688 quadringenti,
707 3607 875 3670 balistarii
902 3606 1008 3671 serme
1034 3607 1173 3671 ducenti
1196 3607 1367 3690 quinqua·

382 3732 384 3739 ·
419 3706 537 3786 ginta3
564 3708 753 3770 servientes
776 3725 913 3788 quoque
936 3713 971 3769 et
993 3705 1127 3788 equites
1149 3714 1203 3771 tot
1221 3713 1257 3770 et
1278 3707 1367 3771 tales

418 3806 602 3869 adfuerunt
623 3806 805 3882 innumeri,
828 3805 919 3887 quud
941 3804 1034 3868 vices
1057 3806 1203 3869 militum
1226 3813 1368 3888 possent

417 3924 481 3987 pro
505 3906 710 3968 necessitate
734 3904 906 3986 supplere.
960 3903 1140 3986 Principes
1168 3913 1283 3968 autern
1306 3924 1369 3968 ex·

418 4005 545 4068 arcitus
568 4004 708 4068 suerunt
730 4002 925 4067 Willelmus
950 4002 1204 4068 Marescballus
1226 4010 1262 4067 et
1278 4004 1369 4068 Wil-

452 4172 569 4231 ¹Quidur
590 4175 730 4225 resistenter
751 4172 875 4244 inclusi]
902 4192 956 4226 was
975 4178 1102 4227 defended
1124 4179 1157 4239 by
1176 4193 1193 4226 a
1210 4178 1286 4227 noble
1307 4179 1369 4242 lady

417 4243 560 4295 Holinslred
571 4250 650 4294 etam
668 4245 722 4294 that
738 4246 781 4295 the
798 4247 876 4295 cartle
903 4247 992 4295 named
1005 4248 1116 4297 Niclrola
1126 4247 1172 4310 [de
1184 4242 1332 4317 Camilla]
