2978 4996
351 431 488 479 neonus
514 431 781 481 utsroarnnuu.
979 406 1048 484 115Ι

89 590 194 673 hujus
218 598 253 652 et
275 587 427 653 infamiae
454 590 615 655 Romana
637 581 825 673 paupertas
848 610 954 655 causa
979 598 1043 669 est,
1057 604 1177 644 huma

90 690 218 754 debent
234 708 353 753 omnes
373 690 494 753 matris
512 691 666 773 inopiam
685 690 867 754 sublevare
884 699 920 754 et
935 692 1043 772 patris

92 796 131 852 ut
146 788 208 851 filii
233 789 429 867 naturales3
454 790 549 871 quia,
568 791 635 852 nisi
652 810 674 854 a
689 791 788 854 vobis
808 798 843 854 et
865 789 942 853 aliis
959 792 1043 854 viris

90 889 190 952 bonis
223 896 258 951 et
286 888 441 952 honestis
470 888 562 952 dona
590 890 830 972 reciperemus,
858 889 1044 953 deficerent

90 987 191 1050 nobis
207 986 403 1050 necessaria
418 988 513 1064 vitae,
530 988 623 1070 qnod
647 995 737 1053 esset
753 989 892 1053 omnino
911 988 1042 1052 Roma·

91 1106 146 1149 nae
162 1086 391 1167 incongruum
405 1087 581 1168 dignitati.
628 1086 684 1151 Ad
700 1087 792 1150 istud
809 1088 928 1168 itaque
944 1106 1042 1151 scan-

91 1185 207 1249 dalum
236 1185 373 1267 penitus
399 1186 654 1263 eradicandum,
680 1206 743 1268 per
764 1186 945 1250 consilium
973 1186 1043 1250 fra·

92 1291 183 1348 trum
202 1292 410 1362 nostrorum,
425 1292 555 1348 sanctae
575 1285 744 1349 Romanae
760 1285 914 1349 ecclesiae
931 1286 1043 1350 cardi·

93 1383 236 1460 nulium,
253 1383 425 1465 quandam
443 1385 655 1466 providimus
675 1383 832 1460 formam,
857 1384 913 1447 cui
931 1385 961 1447 si
982 1404 1043 1448 vo·

91 1482 225 1545 lueritis
251 1485 456 1559 consentire,
481 1502 502 1545 a
529 1483 693 1546 scandalo
721 1491 866 1548 matrem
892 1491 1041 1547 vestram

93 1582 252 1663 poteritis
281 1581 427 1645 liberare
452 1589 489 1645 ct
509 1583 545 1644 in
567 1584 663 1646 curia
691 1582 851 1647 Romana
878 1584 952 1646 sine
980 1583 1041 1647 do-

92 1699 214 1744 norum
242 1681 407 1763 obsequio
430 1680 676 1744 exhibitionem
704 1682 852 1764 justitiae
875 1682 1041 1745 obtinere.

95 1779 222 1843 Forma
239 1787 353 1844 autem
371 1782 512 1862 provisa
534 1780 607 1843 haec
631 1786 710 1859 est3
737 1780 893 1843 Petimus
915 1781 950 1843 in
971 1783 1040 1861 pri-

93 1879 159 1942 mis
197 1879 241 1942 ab
278 1880 438 1943 omnibus
474 1880 628 1943 ecclesiis
664 1878 920 1942 cathedralibus
953 1879 1041 1942 duas

92 1978 192 2041 nobis
229 1979 433 2060 praebendas
466 1978 633 2055 exhiberi,
665 1997 769 2041 unam
805 1976 846 2039 de
882 1979 1042 2058 portione

93 2076 246 2160 episcopi
268 2084 304 2140 et
322 2078 466 2142 alteram
492 2076 535 2142 de
559 2078 736 2160 capitulo;
767 2085 802 2140 et
825 2075 983 2139 similiter
1006 2077 1042 2138 iu

92 2177 272 2251 coenobiis,
295 2178 354 2240 ubi
377 2178 522 2242 diversae
544 2186 627 2241 sunt
648 2176 824 2259 portiones
847 2175 982 2238 abbatis
1006 2183 1042 2238 et

93 2282 311 2355 conventus3
340 2295 361 2339 a
383 2277 611 2340 conventibus
636 2283 804 2357 quantum
830 2273 980 2356 pertinet
997 2274 1042 2337 ad

93 2393 201 2437 unum
223 2375 441 2451 monachum,
462 2375 589 2457 aequali
611 2374 705 2439 lacta
723 2375 964 2438 distributione
982 2375 1043 2437 bo-

92 2493 214 2536 norum
230 2493 383 2551 suorum,
398 2482 433 2537 et
444 2474 494 2537 ab
509 2475 636 2538 abbate
650 2469 885 2537 tantundem.’'

145 2571 227 2637 Hiis
251 2572 287 2635 in
310 2573 401 2636 hunc
424 2573 562 2637 modum
587 2574 785 2655 propositis,
808 2573 980 2653 persuasit
997 2591 1042 2634 ex
1055 2581 1187 2671 mg

93 2680 192 2754 parte
215 2672 346 2735 domini
370 2691 472 2755 papae
500 2673 667 2753 magister
689 2670 783 2735 Otho
806 2679 845 2733 ut
869 2671 1043 2734 consenti·
1108 2642 1123 2681 p
1185 2658 1190 2668 '

92 2778 171 2835 rent
186 2771 336 2853 praelati,
360 2771 517 2852 allegans
538 2769 739 2852 supradicta
755 2768 945 2843 commoda,
965 2786 1043 2850 quoe

93 2871 129 2933 in
156 2870 266 2934 literis
296 2871 526 2934 continentur.
581 2869 671 2933 Hoec
695 2876 810 2931 autem
838 2868 955 2931 omnia
980 2885 1042 2929 au·

94 2970 229 3033 dientes
248 2969 401 3053 episcopi
423 2977 459 3033 et
475 2970 695 3034 ecclesiarum
720 2967 868 3050 praelati,
884 2967 943 3048 qui
966 2985 1044 3048 per-

94 3068 262 3133 sonaliter
293 3069 537 3144 interluerunt,
567 3068 777 3133 divertentes
810 3084 964 3130 seorsum
998 3064 1042 3127 ad

94 3167 372 3250 colloquendum,
395 3187 473 3232 curn
496 3186 601 3250 super
626 3168 729 3231 rebus
752 3166 938 3249 propositis
965 3164 1043 3226 din-

94 3267 164 3331 tius
186 3266 445 3340 deliberassent.
473 3287 675 3349 responsum
700 3286 799 3329 suum
825 3267 861 3327 in
883 3284 942 3328 ore
970 3282 1043 3326 rna·

94 3365 195 3447 gistri
210 3365 234 3429 J
237 3366 395 3442 ohannis,
412 3366 675 3431 Bcdefordensis
689 3365 933 3439 archidiaconi,
950 3380 1043 3426 corn-

94 3465 246 3529 muniter
262 3474 466 3547 posuerunt,
483 3467 543 3548 qui
558 3464 699 3530 veniens
715 3464 953 3547 inpraesentia
969 3480 1043 3525 ma·

95 3564 197 3645 gistri
224 3564 372 3628 Othonis
399 3583 461 3647 per
486 3565 559 3629 haec
585 3565 692 3629 verba
718 3561 917 3646 respondit3
946 3559 1044 3623 ‘Do-

96 3662 200 3740 mine,
222 3664 302 3741 ista,
323 3682 403 3746 quae
425 3664 524 3727 nobis
544 3663 750 3746 proponitis,
770 3679 887 3743 regem
904 3657 1044 3738 Angliae

94 3762 291 3845 specialiter
315 3770 477 3845 tangunt,
506 3762 714 3844 generaliter
738 3781 821 3825 vero
846 3776 965 3823 omnes
989 3774 1044 3818 ec-

94 3860 275 3925 clesiarum
300 3870 467 3945 patronos
489 3863 612 3944 regni3
645 3868 794 3941 tangunt
815 3854 1045 3938 archiepisco·

93 3979 159 4043 pos
193 3968 229 4024 et
259 3981 378 4026 eorum
408 3960 656 4044 suffraganeos,
688 3978 821 4023 necnon
849 3957 1047 4020 innumeros

95 4057 235 4141 Angliae
262 4061 438 4143 praelatos,
491 4059 579 4125 Cum
602 4080 685 4142 ergo
706 4079 768 4122 rex
790 4064 931 4142 propter
952 4054 1047 4117 inlir·

94 4160 265 4236 mitatem,
298 4168 333 4224 et
363 4160 614 4244 archiepiscopi
647 4159 803 4225 nonnulli
833 4166 868 4221 et
895 4154 1048 4240 episcopi

908 4280 945 4326 ιε
