2978 4996
370 433 437 499 820
625 447 760 497 nocnnr
785 448 832 496 nn
857 446 1068 498 wnunovnu

209 621 264 661 Ab·
276 621 332 660 ¹²³⁴·
371 606 573 688 confugiens
590 605 729 669 diabolo
747 604 1006 670 abrenuntiavit
1020 614 1056 670 ot
1069 605 1230 671 omnibus
1247 628 1331 691 ope

208 671 300 720 'md‘
371 707 466 770 ribus
480 706 556 789 ejus
567 713 602 769 et
617 705 765 786 pompis,
781 711 816 768 et
828 704 1023 782 confestim,
1037 706 1262 771 miseratione
1276 707 1328 772 di-

372 805 454 868 vina
470 804 568 868 illum
583 804 801 884 respiciente,
813 803 858 866 ab
871 804 965 867 omni
982 804 1156 885 corporali
1169 807 1330 871 molestia

371 923 477 966 sanus
500 902 642 965 effectus
663 909 728 978 cst,
748 909 788 965 ut
804 920 996 983 congruum
1015 903 1159 966 haberet
1175 906 1329 986 spatium

371 1000 586 1084 poenitendi;
623 999 715 1063 unde
742 1000 925 1064 manifeste
954 1008 1104 1077 constat,
1134 1003 1228 1084 quod
1258 1024 1328 1068 nou

372 1099 448 1164 vult
462 1099 559 1163 Deus
578 1107 723 1164 mortem
746 1099 951 1182 peccatoris,
973 1099 1034 1165 sed
1055 1107 1095 1164 ut
1111 1102 1225 1183 magis
1245 1121 1329 1169 con-

372 1206 529 1263 vertatur
545 1206 580 1262 et
596 1198 704 1262 vivat.

387 1370 438 1434 De
453 1371 605 1435 miraculo
620 1372 711 1436 valde
727 1371 898 1450 laudabili,
915 1373 996 1457 qnod
1009 1371 1064 1437 loe
1078 1394 1161 1438 anm
1174 1376 1313 1461 conticit.

431 1488 544 1556 Licet¹
577 1493 613 1556 in
644 1498 890 1579 suprascriptis
918 1497 1054 1560 duobus
1085 1497 1248 1580 capitulis
1281 1501 1328 1564 sit

372 1590 549 1654 evidenter
581 1612 784 1675 expressum
815 1596 850 1659 in
883 1604 1051 1679 quantum
1082 1598 1244 1661 avaritiae
1275 1600 1328 1663 vi·

373 1689 457 1751 tium
489 1691 647 1755 omnibus
674 1693 882 1758 Christianis
910 1695 1151 1759 detestandum
1184 1697 1327 1776 existat,

373 1787 535 1871 adjiciam
565 1790 678 1855 adhuc
705 1801 741 1856 et
769 1794 922 1869 tertium,
949 1803 988 1858 ut
1018 1795 1055 1857 in
1087 1814 1148 1858 ore
1179 1794 1327 1860 duorum

373 1887 430 1951 vel
451 1889 554 1953 trium
578 1892 716 1956 testium
738 1899 808 1955 stet
829 1910 930 1955 omne
952 1893 1108 1959 verbum.
1160 1892 1251 1957 Cum
1271 1895 1326 1959 hic

374 2006 498 2065 annus,
529 1989 572 2054 de
603 2010 671 2072 quo
698 1990 935 2072 praediximus,
964 1992 1175 2074 pauperibus
1206 1995 1327 2058 crude·

375 2085 416 2149 lis
451 2096 487 2152 et
512 2107 627 2152 saevus
660 2090 696 2153 in
722 2089 843 2155 diebus
875 2091 948 2153 suis
980 2110 1091 2174 usque
1119 2092 1165 2155 ad
1190 2090 1214 2155 J
1218 2092 1326 2156 ulium

373 2204 523 2249 mensem
555 2189 792 2267 processisset,
820 2207 1002 2271 pauperes,
1040 2208 1128 2271 quos
1161 2190 1328 2255 diuturna
1404 2222 1407 2229 ¹

373 2283 480 2347 sames
505 2284 689 2362 afflixerat,
718 2286 761 2349 ad
792 2306 895 2369 agros
927 2296 1096 2370 proruunt
1129 2289 1327 2354 fructiferos

374 2383 589 2459 catervatim,
613 2385 672 2447 ubi
689 2385 803 2465 spicas
817 2385 968 2467 frugum,
983 2387 1064 2451 licet
1083 2387 1235 2451 nondum
1254 2409 1326 2452 ma·

375 2488 481 2558 turas,
504 2489 686 2564 carpentes
712 2491 748 2548 et
770 2485 928 2548 manibus
956 2485 1035 2549 illas
1064 2486 1221 2550 tremulis
1244 2508 1326 2551 con·

374 2578 537 2644 fricantes
554 2580 722 2646 infelicem
740 2584 859 2659 vitam,
874 2603 953 2664 quae
969 2585 1029 2647 vix
1044 2584 1081 2648 in
1103 2603 1224 2648 eorum
1247 2604 1326 2668 pec-

374 2680 505 2743 toribus
522 2681 727 2762 palpitabat,
745 2682 945 2764 protrahere
960 2684 1189 2764 satagebant3
1210 2705 1275 2748 nec
1291 2684 1323 2749 id

375 2780 521 2843 multum
549 2787 624 2843 crat
646 2780 682 2843 in
704 2781 914 2863 pauperibus
943 2781 1222 2864 reprehensibile,
1247 2803 1324 2848 cum

374 2878 512 2959 legatur
529 2879 564 2941 in
581 2879 815 2961 apostolorum
831 2881 965 2944 actibus
982 2880 1114 2944 Christi
1135 2880 1324 2964 discipulos

375 2976 439 3041 hoc
456 2978 585 3041 secisse.
625 2977 691 3041 Sed
708 2979 826 3043 rustici
842 2979 1059 3060 quarundam
1074 2979 1251 3059 villarum,
1266 2981 1324 3064 qui

374 3097 419 3140 ex
443 3077 593 3140 avaritia
620 3077 771 3158 inopiam
798 3097 934 3159 semper
958 3077 1086 3142 habent
1113 3088 1326 3161 suspectam,

374 3194 436 3258 per
451 3194 554 3256 agros
571 3195 653 3238 suos
667 3182 899 3252 transeuntes,
917 3195 993 3239 cum
1011 3177 1076 3240 boc
1098 3178 1194 3259 pium
1214 3187 1253 3243 et
1269 3201 1325 3245 ne·

373 3274 559 3336 cessarium
571 3273 874 3355 deprehendissent
884 3274 1025 3352 furtum,
1037 3277 1231 3356 perturbati
1243 3287 1325 3343 sunt

374 3370 496 3449 ralde3
526 3372 616 3435 unde
639 3374 797 3454 contigit,
818 3374 910 3456 quod
934 3373 1090 3438 homines
1113 3374 1219 3452 villae,
1245 3396 1324 3460 quae

373 3468 596 3534 Alboldeslea
613 3471 738 3535 dicitur
752 3481 788 3536 et
803 3473 839 3536 in
854 3471 1127 3555 Cantebregensi
1144 3476 1327 3556 provincia

373 3570 442 3634 sita
466 3577 531 3646 est,
553 3590 631 3634 cum
658 3572 816 3652 sequenti
842 3571 897 3635 die
923 3573 1118 3648 Dominica,
1142 3592 1222 3655 quae
1243 3582 1327 3639 tunc

373 3669 439 3734 suit
452 3670 584 3733 decimo
605 3670 750 3751 septimo
769 3669 936 3734 kalendas
956 3669 1121 3753 Augusti,
1144 3672 1190 3737 ad
1214 3673 1328 3738 eccle·

373 3770 458 3832 siam
477 3769 731 3846 convenisseut,
752 3771 989 3853 presbyterum
1008 3770 1232 3836 tumultuosis
1254 3771 1325 3836 cla-

373 3868 525 3932 moribus
538 3868 719 3949 rogabant,
737 3876 776 3932 ut
788 3868 1014 3932 incontinenti
1030 3888 1149 3933 omnes
1163 3870 1255 3947 illos,
1266 3871 1324 3953 qui

373 3967 486 4048 spicas
511 3967 545 4028 in
569 3986 653 4047 agro
676 3976 857 4049 carpentes
879 3967 1018 4031 bladum
1045 3966 1149 4032 furati
1175 3967 1328 4047 fueraut,

409 4140 515 4205 ’Μυκη
534 4143 659 4204 Raynaldi
670 4145 716 4193 has
727 4146 838 4195 inserted
850 4146 900 4196 this
912 4146 963 4196 end
976 4145 1018 4195 the
1030 4146 1150 4210 previous
1165 4153 1288 4198 accounts
1298 4149 1326 4197 in

372 4210 412 4259 his
423 4213 530 4274 annale,
541 4213 568 4262 ii.
581 4228 607 4276 p.
620 4218 678 4264 106.
