2978 4996
269 647 325 688 M).
338 647 393 684 122&

291 698 317 736 be
378 695 394 734 ἰ

270 697 392 786 geneum(

270 797 308 836 the
314 805 419 846 emperor}

431 460 497 525 164
690 472 823 522 uoonm
848 472 895 541 on
919 470 1127 520 wnuoovnn

434 635 521 699 diori
544 632 687 696 consilio
710 632 783 695 alta
806 630 1016 694 intendimus
1042 630 1194 694 remedia
1214 630 1381 707 invenire,

433 733 691 817 quantomagis
715 731 901 794 necessitas
924 737 960 794 et
976 749 1021 792 ex
1036 730 1154 793 multis
1178 729 1302 793 inflata
1323 730 1384 793 do·

433 834 563 898 loribus
591 826 728 895 ¹n0stra
757 829 900 911 grandis
928 829 1092 911 angustia
1120 830 1239 911 pavit3
1273 829 1384 892 etsie

434 953 512 997 cum
540 931 711 995 Dominus
736 928 865 1012 populo
887 947 951 991 suo
973 928 1143 992 modicum
1170 928 1323 993 ostendit
1346 945 1383 991 se

434 1033 574 1107 iratum,
595 1029 637 1093 de
663 1030 757 1092 illius
783 1047 887 1091 mann
911 1026 976 1090 hoc
1000 1034 1156 1109 tempore
1177 1027 1383 1091 sacrificium

437 1151 505 1195 non
523 1136 720 1212 acceptans,
742 1129 803 1209 qni
825 1125 1043 1209 prudentiam
1067 1147 1136 1190 non
1157 1134 1211 1191 cst
1226 1127 1382 1191 imitatus

435 1230 586 1305 illorum,
609 1248 671 1311 per
688 1246 788 1310 quem
807 1226 903 1289 salus
920 1226 955 1287 in
972 1225 1083 1289 Israel
1099 1226 1173 1289 fieri
1192 1226 1381 1290 consuerit.

437 1329 520 1393 Non
532 1336 647 1392 tamen
660 1325 903 1389 misericordiae
913 1325 980 1388 Dei
989 1333 1071 1388 sunt
1083 1332 1309 1408 consumptae,
1322 1344 1384 1388 nec

437 1429 513 1511 ejus
540 1426 777 1490 miserationes
807 1425 944 1506 penitus
971 1423 1180 1488 defecerunt.
1233 1423 1383 1507 Speran-

438 1535 491 1590 tes
513 1544 660 1608 namque
680 1525 716 1587 in
737 1523 972 1587 misericordia
986 1523 1053 1587 Dei
1075 1524 1198 1600 nostri,
1213 1525 1274 1605 qui
1290 1523 1383 1587 viam

438 1625 538 1689 nobis
557 1623 721 1699 ostendit,
741 1641 803 1705 per
823 1641 927 1706 qnam
945 1623 981 1684 in
1003 1621 1069 1686 hoc
1093 1641 1197 1705 opere
1220 1641 1384 1705 prospere

439 1724 649 1805 gradiamur,
675 1730 710 1786 et
733 1723 826 1786 viros
856 1721 1046 1786 secundum
1071 1740 1255 1786 corsuum
1279 1721 1385 1785 desti-

438 1823 548 1901 nabit,
574 1823 633 1906 qui
656 1821 853 1905 praecedant
876 1822 912 1884 in
936 1820 1050 1884 cordis
1074 1821 1225 1903 puritate
1253 1840 1295 1885 ac
1314 1839 1388 1883 ma-

439 1942 546 1986 nuum
561 1922 731 1986 munditia
747 1920 936 1985 exereitum
952 1918 1197 1985 Christianum.
1232 1920 1385 2002 Ideoque

440 2022 691 2087 fraternitatem
722 2028 872 2085 vestram
904 2021 1124 2083 obsecramus
1154 2020 1192 2083 in
1223 2020 1387 2096 Domino,

439 2141 502 2204 per
528 2121 719 2204 apostolica
749 2119 880 2202 scripta
907 2118 1139 2201 praecipiendo
1168 2119 1385 2195 mandantes,

440 2230 612 2302 quatenus
635 2219 710 2283 haec
734 2218 827 2283 clero
850 2225 885 2282 et
907 2218 1044 2301 populis
1069 2218 1168 2282 vobis
1194 2219 1386 2282 commissis

442 2319 588 2383 fideliter
613 2325 839 2401 exponentes,
870 2336 911 2381 ac
942 2316 1143 2381 inducentes
1171 2318 1310 2382 eosdem
1340 2317 1385 2382 ad

441 2417 515 2483 haec
537 2417 771 2499 exsequenda,
797 2435 879 2481 suos
904 2418 1068 2481 studeant
1089 2417 1223 2481 animos
1249 2437 1385 2500 praepa·

441 2536 537 2596 rare3
572 2527 607 2582 et
639 2517 733 2598 ipsos
766 2516 810 2580 ad
840 2516 1082 2580 vindicandam
1109 2516 1270 2600 injuriam
1299 2516 1386 2581 Jcsn

442 2615 572 2680 Christi
595 2615 724 2680 sedulis
748 2615 1048 2681 exhortationibus
1067 2616 1233 2692 invitetis,
1251 2624 1289 2680 nt
1305 2636 1383 2679 cum

440 2716 535 2798 ipsos
567 2717 665 2781 sedes
689 2715 893 2799 apostolica,
923 2716 1042 2780 babito
1069 2715 1192 2799 majori
1220 2723 1385 2791 tractatu,

441 2815 676 2881 sollicitandos
707 2815 907 2898 providerit,
943 2822 1122 2897 promptos
1157 2815 1314 2879 inveniat
1352 2821 1388 2878 et

440 2923 594 2998 paratos.
646 2916 768 2992 Porro,
799 2934 842 2978 ne
868 2922 1035 2998 tanquam
1059 2933 1163 2978 canes
1186 2914 1285 2991 muti,
1316 2933 1388 2978 uon

441 3016 597 3079 valentes
615 3014 754 3090 latrare,
769 3012 948 3078 videamur
960 3013 1092 3078 deferre
1114 3013 1244 3077 bomini
1265 3021 1389 3078 contra

442 3114 569 3190 Deum,
595 3133 662 3177 non
686 3119 861 3177 sumentes
882 3113 1049 3176 ultionem
1071 3113 1114 3176 de
1135 3113 1208 3190 illo,
1226 3114 1288 3196 qni
1311 3121 1389 3176 tan·

442 3219 513 3274 tam
539 3212 701 3295 injuriam
716 3213 751 3274 in
769 3212 837 3275 Dei
853 3212 983 3295 populo
1004 3212 1216 3294 procuravit,
1238 3212 1388 3294 impera·

442 3321 552 3374 torem
568 3309 727 3374 videlicet
745 3310 976 3389 Fredericnm,
991 3312 1052 3393 qui
1068 3330 1132 3375 nec
1147 3311 1390 3377 transfretavit

442 3408 478 3472 in
496 3410 642 3473 termino
659 3411 861 3488 constituto,
883 3430 945 3474 nec
962 3411 1045 3474 ilinc
1061 3411 1099 3473 in
1115 3411 1247 3474 taxatis
1268 3429 1391 3493 passa·

441 3508 508 3590 giis
535 3510 772 3593 prescriptam
793 3511 974 3592 pecuniam
990 3509 1190 3587 destinavit,
1209 3528 1273 3573 nee
1295 3509 1391 3574 mille

442 3607 542 3673 duxit
570 3609 696 3674 milites
727 3629 788 3691 per
813 3609 987 3673 biennium
1017 3608 1183 3673 tenendos
1213 3608 1259 3673 ad
1288 3628 1392 3673 suum

441 3709 650 3791 stipendium
679 3728 742 3790 pro
772 3706 925 3772 subsidio
959 3715 1061 3772 terrae
1090 3716 1222 3772 sanctae
1249 3707 1391 3786 ibidem,

440 3808 500 3871 sed
522 3808 558 3871 in
577 3808 689 3872 tribus
712 3807 866 3871 articulis
889 3807 1070 3871 manifesto
1092 3807 1255 3872 deficiens
1273 3809 1309 3871 in
1332 3807 1393 3870 de·

440 3907 579 3989 scriptae
612 3906 978 3971 excommunicationis
1019 3905 1182 3988 laqueum
1211 3907 1392 3971 ultroneus

440 4025 478 4069 se
501 4006 659 4089 ingessit,
683 4004 1032 4081 excommunicatum,
1057 4024 1257 4088 quanquam
1276 4006 1392 4084 inviti,

710 4228 718 4261 ¹
729 4229 843 4313 Nucem]
860 4231 869 4258 ‘
876 4230 1009 4280 Nostram’
1019 4231 1045 4279 in
1057 4230 1115 4282 MS.
